Invoice ID,Branch,City,Customer type,Gender,Product line,Unit price,Quantity,Tax 5%,Gross Revenue,Date,Time,Payment,Unit Cost
765-26-6951,A,Chennai,Normal,Male,Sports and travel,72.61,6,3.63,457.44,01-01-2019,10:39,Credit card,13.8
530-90-9855,A,Chennai,Member,Male,Home and lifestyle,47.59,8,2.38,399.76,01-01-2019,14:47,Cash,7.61
891-01-7034,B,Mumbai,Normal,Female,Electronic accessories,74.71,6,3.74,470.67,01-01-2019,19:07,Cash,11.95
493-65-6248,C,Nagpur,Member,Female,Sports and travel,36.98,10,1.85,388.29,01-01-2019,19:48,Credit card,5.92
556-97-7101,C,Nagpur,Normal,Female,Electronic accessories,63.22,2,3.16,132.76,01-01-2019,15:51,Cash,12.64
133-14-7229,C,Nagpur,Normal,Male,Health and beauty,62.87,2,3.14,132.03,01-01-2019,11:43,Cash,9.43
651-88-7328,A,Chennai,Normal,Female,Fashion accessories,65.74,9,3.29,621.24,01-01-2019,13:55,Cash,13.81
651-88-7328,A,Chennai,Member,Female,Sports and travel,27.04,4,1.35,113.57,01-01-2019,20:26,Ewallet,4.33
416-17-9926,A,Chennai,Member,Female,Electronic accessories,74.22,10,3.71,779.31,01-01-2019,14:42,Credit card,14.1
271-77-8740,C,Nagpur,Member,Female,Sports and travel,29.22,6,1.46,184.09,01-01-2019,11:40,Ewallet,5.55
770-42-8960,B,Mumbai,Normal,Male,Food and beverages,21.12,8,1.06,177.41,01-01-2019,19:31,Cash,3.8
746-04-1077,B,Mumbai,Member,Female,Food and beverages,84.63,10,4.23,888.62,01-01-2019,11:36,Credit card,16.93
504-35-8843,A,Chennai,Normal,Male,Sports and travel,42.47,1,2.12,44.59,01-02-2019,16:57,Cash,9.34
446-47-6729,C,Nagpur,Normal,Male,Fashion accessories,99.82,2,4.99,209.62,01-02-2019,18:09,Credit card,18.97
244-08-0162,B,Mumbai,Normal,Female,Health and beauty,34.21,10,1.71,359.21,01-02-2019,13:00,Cash,7.18
244-08-0162,B,Mumbai,Member,Male,Fashion accessories,40.61,9,2.03,383.76,01-02-2019,13:40,Cash,7.31
744-09-5786,B,Mumbai,Normal,Male,Electronic accessories,22.01,6,1.1,138.66,01-02-2019,18:50,Cash,5.06
712-39-0363,A,Chennai,Member,Male,Food and beverages,41.66,6,2.08,262.46,01-02-2019,15:24,Ewallet,9.58
345-68-9016,C,Nagpur,Member,Female,Sports and travel,31.67,8,1.58,266.03,01-02-2019,16:19,Credit card,6.65
670-71-7306,B,Mumbai,Normal,Male,Sports and travel,44.63,6,2.23,281.17,01-02-2019,20:08,Credit card,9.37
249-42-3782,A,Chennai,Normal,Male,Health and beauty,70.01,5,3.5,367.55,01-03-2019,11:36,Ewallet,14
749-24-1565,A,Chennai,Normal,Female,Health and beauty,23.03,9,1.15,217.63,01-03-2019,12:02,Ewallet,4.38
687-15-1097,C,Nagpur,Member,Female,Health and beauty,21.12,2,1.06,44.35,01-03-2019,19:17,Cash,4.65
422-29-8786,A,Chennai,Normal,Female,Home and lifestyle,67.09,5,3.35,352.22,01-03-2019,16:47,Credit card,12.08
343-87-0864,C,Nagpur,Member,Male,Health and beauty,75.88,1,3.79,79.67,01-03-2019,10:30,Credit card,16.69
875-31-8302,B,Mumbai,Normal,Male,Sports and travel,93.38,1,4.67,98.05,01-03-2019,13:07,Cash,14.01
501-61-1753,B,Mumbai,Normal,Female,Home and lifestyle,63.15,6,3.16,397.85,01-03-2019,20:24,Ewallet,13.26
552-44-5977,B,Mumbai,Member,Male,Health and beauty,62,8,3.1,520.8,01-03-2019,19:08,Credit card,11.16
279-74-2924,B,Mumbai,Member,Male,Electronic accessories,72.17,1,3.61,75.78,01-04-2019,19:40,Cash,16.6
672-51-8681,C,Nagpur,Member,Female,Electronic accessories,66.65,9,3.33,629.84,01-04-2019,18:19,Credit card,14
656-16-1063,B,Mumbai,Normal,Male,Sports and travel,46.42,3,2.32,146.22,01-04-2019,13:24,Credit card,9.75
731-14-2199,A,Chennai,Member,Female,Home and lifestyle,35.54,10,1.78,373.17,01-04-2019,13:34,Ewallet,7.82
725-32-9708,B,Mumbai,Member,Female,Fashion accessories,68.71,4,3.44,288.58,01-04-2019,19:01,Cash,15.12
132-23-6451,A,Chennai,Member,Male,Health and beauty,20.97,5,1.05,110.09,01-04-2019,13:21,Cash,3.98
750-67-8428,A,Chennai,Member,Female,Health and beauty,74.69,7,3.73,548.97,01-05-2019,13:08,Ewallet,12.7
628-34-3388,C,Nagpur,Normal,Male,Fashion accessories,27.38,6,1.37,172.49,01-05-2019,20:54,Credit card,4.11
217-58-1179,A,Chennai,Member,Male,Home and lifestyle,62.65,4,3.13,263.13,01-05-2019,11:25,Cash,11.9
144-51-6085,A,Chennai,Member,Male,Home and lifestyle,70.74,4,3.54,297.11,01-05-2019,16:05,Credit card,15.56
843-01-4703,B,Mumbai,Member,Female,Home and lifestyle,35.38,9,1.77,334.34,01-05-2019,19:50,Credit card,5.31
573-98-8548,C,Nagpur,Member,Female,Fashion accessories,31.9,1,1.6,33.5,01-05-2019,12:40,Ewallet,6.7
144-51-6085,A,Chennai,Normal,Female,Home and lifestyle,42.91,5,2.15,225.28,01-05-2019,17:29,Ewallet,9.01
339-12-4827,B,Mumbai,Member,Female,Fashion accessories,73.96,1,3.7,77.66,01-05-2019,11:32,Credit card,11.09
841-18-8232,B,Mumbai,Normal,Female,Food and beverages,71.2,1,3.56,74.76,01-05-2019,20:40,Credit card,14.24
801-88-0346,C,Nagpur,Normal,Female,Fashion accessories,76.06,3,3.8,239.59,01-05-2019,20:30,Credit card,17.49
801-88-0346,C,Nagpur,Normal,Female,Health and beauty,78.89,7,3.94,579.84,01-05-2019,19:48,Ewallet,17.36
489-82-1237,A,Chennai,Normal,Female,Electronic accessories,93.88,7,4.69,690.02,01-05-2019,11:51,Credit card,15.96
393-65-2792,C,Nagpur,Normal,Male,Food and beverages,89.48,10,4.47,939.54,01-06-2019,12:46,Credit card,13.42
704-11-6354,A,Chennai,Member,Male,Home and lifestyle,58.9,8,2.95,494.76,01-06-2019,11:23,Cash,10.6
490-29-1201,A,Chennai,Normal,Female,Sports and travel,15.34,1,0.77,16.11,01-06-2019,11:09,Cash,3.07
834-25-9262,C,Nagpur,Normal,Female,Fashion accessories,81.68,4,4.08,343.06,01-06-2019,12:12,Cash,12.25
662-72-2873,A,Chennai,Normal,Female,Food and beverages,40.94,5,2.05,214.94,01-06-2019,13:58,Ewallet,8.6
826-58-8051,B,Mumbai,Normal,Male,Home and lifestyle,62.19,4,3.11,261.2,01-06-2019,19:46,Ewallet,13.68
729-06-2010,B,Mumbai,Member,Male,Health and beauty,80.47,9,4.02,760.44,01-06-2019,11:18,Cash,18.51
852-82-2749,A,Chennai,Normal,Male,Sports and travel,64.59,4,3.23,271.28,01-06-2019,13:35,Ewallet,13.56
846-10-0341,A,Chennai,Normal,Female,Fashion accessories,42.57,7,2.13,312.89,01-06-2019,11:51,Cash,9.79
232-16-2483,C,Nagpur,Member,Female,Sports and travel,68.12,1,3.41,71.53,01-07-2019,12:28,Ewallet,14.99
109-28-2512,B,Mumbai,Member,Female,Fashion accessories,97.61,6,4.88,614.94,01-07-2019,15:01,Ewallet,18.55
799-71-1548,A,Chennai,Member,Male,Electronic accessories,77.72,4,3.89,326.42,01-07-2019,16:11,Credit card,16.32
126-54-1082,A,Chennai,Member,Female,Home and lifestyle,21.54,9,1.08,203.55,01-07-2019,11:44,Credit card,3.66
566-19-5475,B,Mumbai,Normal,Male,Fashion accessories,47.97,7,2.4,352.58,01-07-2019,20:52,Cash,11.03
526-86-8552,C,Nagpur,Member,Female,Home and lifestyle,21.82,10,1.09,229.11,01-07-2019,17:36,Cash,3.71
889-04-9723,B,Mumbai,Member,Female,Food and beverages,89.14,4,4.46,374.39,01-07-2019,12:20,Credit card,16.05
541-48-8554,A,Chennai,Normal,Male,Sports and travel,60.95,9,3.05,575.98,01-07-2019,12:08,Credit card,10.36
390-31-6381,C,Nagpur,Normal,Male,Food and beverages,27.22,3,1.36,85.74,01-07-2019,12:37,Cash,4.36
189-08-9157,C,Nagpur,Normal,Female,Fashion accessories,31.73,9,1.59,299.85,01-08-2019,16:17,Credit card,5.71
663-86-9076,C,Nagpur,Member,Female,Food and beverages,68.54,8,3.43,575.74,01-08-2019,15:57,Ewallet,11.65
571-94-0759,B,Mumbai,Member,Female,Food and beverages,74.6,10,3.73,783.3,01-08-2019,20:55,Cash,17.16
750-57-9686,C,Nagpur,Normal,Female,Home and lifestyle,45.38,4,2.27,190.6,01-08-2019,13:48,Credit card,6.81
192-98-7397,C,Nagpur,Normal,Male,Fashion accessories,12.78,1,0.64,13.42,01-08-2019,14:11,Ewallet,2.3
674-15-9296,A,Chennai,Normal,Male,Sports and travel,37.14,5,1.86,194.99,01-08-2019,13:05,Ewallet,8.54
387-49-4215,B,Mumbai,Member,Female,Sports and travel,48.5,3,2.43,152.78,01-08-2019,12:50,Cash,11.16
484-22-8230,C,Nagpur,Member,Female,Fashion accessories,51.89,7,2.59,381.39,01-08-2019,20:08,Cash,8.82
241-96-5076,B,Mumbai,Member,Female,Home and lifestyle,49.1,2,2.46,103.11,01-08-2019,12:58,Credit card,11.29
767-97-4650,B,Mumbai,Member,Female,Sports and travel,64.83,2,3.24,136.14,01-08-2019,11:59,Credit card,14.91
442-44-6497,C,Nagpur,Member,Male,Home and lifestyle,55.57,3,2.78,175.05,01-08-2019,11:42,Credit card,8.34
457-13-1708,B,Mumbai,Member,Male,Fashion accessories,65.23,10,3.26,684.92,01-08-2019,19:07,Credit card,11.09
257-60-7754,A,Chennai,Normal,Female,Electronic accessories,50.23,4,2.51,210.97,01-08-2019,17:12,Cash,9.04
845-94-6841,C,Nagpur,Member,Female,Food and beverages,72.88,9,3.64,688.72,01-08-2019,19:38,Cash,10.93
840-76-5966,A,Chennai,Member,Male,Sports and travel,12.76,2,0.64,26.8,01-08-2019,18:06,Ewallet,2.17
124-31-1458,A,Chennai,Member,Female,Electronic accessories,79.59,3,3.98,250.71,01-08-2019,14:30,Cash,12.73
631-34-1880,C,Nagpur,Member,Male,Food and beverages,24.31,3,1.22,76.58,01-08-2019,19:09,Credit card,4.38
490-95-0021,B,Mumbai,Member,Female,Food and beverages,33.21,10,1.66,348.71,01-08-2019,14:25,Ewallet,4.98
263-10-3913,C,Nagpur,Member,Male,Fashion accessories,49.04,9,2.45,463.43,01-09-2019,14:20,Credit card,7.36
263-10-3913,C,Nagpur,Normal,Female,Sports and travel,95.44,10,4.77,"1,002.12",01-09-2019,13:45,Cash,18.13
370-96-0655,C,Nagpur,Normal,Female,Fashion accessories,49.32,6,2.47,310.72,01-09-2019,13:46,Ewallet,9.86
343-75-9322,B,Mumbai,Member,Female,Sports and travel,11.85,8,0.59,99.54,01-09-2019,16:34,Cash,2.13
288-62-1085,A,Chennai,Member,Male,Fashion accessories,38.54,5,1.93,202.34,01-09-2019,13:34,Ewallet,8.48
305-89-2768,B,Mumbai,Member,Female,Home and lifestyle,21.9,3,1.1,68.99,01-09-2019,18:43,Ewallet,4.16
867-47-1948,C,Nagpur,Normal,Female,Home and lifestyle,15.8,10,0.79,165.9,01-09-2019,12:07,Cash,2.84
189-40-5216,C,Nagpur,Normal,Male,Electronic accessories,96.37,7,4.82,708.32,01-09-2019,11:40,Cash,14.46
665-32-9167,A,Chennai,Member,Female,Health and beauty,36.26,2,1.81,76.15,01-10-2019,17:15,Credit card,6.53
640-49-2076,B,Mumbai,Normal,Male,Sports and travel,83.78,8,4.19,703.75,01-10-2019,14:49,Cash,18.43
873-51-0671,A,Chennai,Member,Female,Sports and travel,21.98,7,1.1,161.55,01-10-2019,16:42,Ewallet,5.06
744-02-5987,A,Chennai,Member,Male,Home and lifestyle,78.38,6,3.92,493.79,01-10-2019,14:16,Ewallet,15.68
603-07-0961,C,Nagpur,Member,Male,Electronic accessories,74.79,5,3.74,392.65,01-10-2019,11:34,Cash,17.2
241-11-2261,B,Mumbai,Normal,Female,Fashion accessories,79.86,7,3.99,586.97,01-10-2019,10:33,Credit card,16.77
887-42-0517,C,Nagpur,Normal,Female,Sports and travel,83.14,7,4.16,611.08,01-10-2019,10:31,Credit card,13.3
226-34-0034,B,Mumbai,Normal,Female,Electronic accessories,13.78,4,0.69,57.88,01-10-2019,11:10,Ewallet,2.2
577-34-7579,C,Nagpur,Member,Male,Food and beverages,50.49,9,2.52,477.13,01-10-2019,17:16,Cash,10.1
746-68-6593,C,Nagpur,Member,Female,Sports and travel,87.16,2,4.36,183.04,01-11-2019,14:29,Credit card,20.05
478-06-7835,A,Chennai,Normal,Male,Fashion accessories,89.69,1,4.48,94.17,01-11-2019,11:20,Ewallet,19.73
540-11-4336,A,Chennai,Normal,Male,Food and beverages,24.94,9,1.25,235.68,01-11-2019,16:49,Credit card,5.74
289-15-7034,A,Chennai,Member,Male,Sports and travel,82.33,4,4.12,345.79,01-11-2019,10:37,Credit card,16.47
732-67-5346,A,Chennai,Normal,Male,Food and beverages,13.79,5,0.69,72.4,01-11-2019,19:07,Credit card,2.62
732-67-5346,A,Chennai,Member,Male,Food and beverages,48.5,6,2.43,305.55,01-11-2019,13:57,Ewallet,7.28
592-46-1692,C,Nagpur,Member,Female,Food and beverages,36.77,7,1.84,270.26,01-11-2019,20:10,Cash,6.25
406-46-7107,A,Chennai,Normal,Female,Home and lifestyle,96.52,6,4.83,608.08,01-11-2019,11:52,Cash,20.27
381-20-0914,A,Chennai,Member,Female,Fashion accessories,20.01,9,1,189.09,01-12-2019,15:48,Credit card,3.6
704-48-3927,A,Chennai,Member,Male,Electronic accessories,88.67,10,4.43,931.04,01-12-2019,14:50,Ewallet,15.07
659-36-1684,C,Nagpur,Member,Male,Sports and travel,57.12,7,2.86,419.83,01-12-2019,12:02,Credit card,11.42
848-07-1692,B,Mumbai,Normal,Female,Health and beauty,57.22,2,2.86,120.16,01-12-2019,17:13,Ewallet,10.3
296-11-7041,B,Mumbai,Member,Female,Health and beauty,27.07,1,1.35,28.42,01-12-2019,20:07,Credit card,6.23
647-50-1224,A,Chennai,Normal,Female,Fashion accessories,29.42,10,1.47,308.91,01-12-2019,16:23,Ewallet,5.59
852-62-7105,B,Mumbai,Normal,Female,Fashion accessories,83.25,10,4.16,874.13,01-12-2019,11:25,Credit card,17.48
751-41-9720,C,Nagpur,Normal,Male,Home and lifestyle,97.5,10,4.88,"1,023.75",01-12-2019,16:18,Ewallet,17.55
197-77-7132,B,Mumbai,Member,Male,Electronic accessories,91.56,8,4.58,769.1,01-12-2019,18:22,Ewallet,16.48
751-15-6198,B,Mumbai,Normal,Male,Sports and travel,23.01,6,1.15,144.96,01-12-2019,16:45,Ewallet,4.83
533-66-5566,B,Mumbai,Normal,Female,Home and lifestyle,51.07,7,2.55,375.36,01-12-2019,11:42,Cash,11.75
732-94-0499,C,Nagpur,Normal,Female,Electronic accessories,41.65,10,2.08,437.33,1/13/2019,17:04,Credit card,6.25
556-86-3144,C,Nagpur,Member,Female,Fashion accessories,74.29,1,3.71,78,1/13/2019,19:30,Cash,16.34
459-50-7686,A,Chennai,Normal,Female,Electronic accessories,23.46,6,1.17,147.8,1/13/2019,19:14,Ewallet,5.16
339-38-9982,B,Mumbai,Member,Male,Fashion accessories,59.86,2,2.99,125.71,1/13/2019,14:55,Ewallet,12.57
355-34-6244,B,Mumbai,Normal,Male,Food and beverages,72.39,2,3.62,152.02,1/13/2019,19:55,Credit card,13.03
327-40-9673,B,Mumbai,Member,Male,Sports and travel,72.6,6,3.63,457.38,1/13/2019,19:51,Cash,10.89
460-93-5834,A,Chennai,Normal,Male,Sports and travel,45.58,7,2.28,335.01,1/13/2019,10:03,Cash,9.12
397-25-8725,A,Chennai,Member,Female,Health and beauty,39.62,9,1.98,374.41,1/13/2019,17:54,Credit card,7.92
784-08-0310,C,Nagpur,Member,Female,Food and beverages,21.04,4,1.05,88.37,1/13/2019,13:58,Cash,4.42
195-06-0432,A,Chennai,Member,Male,Home and lifestyle,81.01,3,4.05,255.18,1/13/2019,12:55,Credit card,15.39
426-39-2418,C,Nagpur,Normal,Male,Electronic accessories,61.41,7,3.07,451.36,1/14/2019,10:02,Cash,11.05
785-13-7708,B,Mumbai,Normal,Male,Food and beverages,73.06,7,3.65,536.99,1/14/2019,19:06,Credit card,11.69
667-23-5919,A,Chennai,Member,Female,Fashion accessories,96.7,5,4.84,507.68,1/14/2019,12:52,Ewallet,22.24
868-52-7573,B,Mumbai,Normal,Female,Food and beverages,99.69,5,4.98,523.37,1/14/2019,12:09,Cash,16.95
592-34-6155,C,Nagpur,Normal,Male,Food and beverages,31.77,4,1.59,133.43,1/14/2019,14:43,Ewallet,6.67
359-90-3665,B,Mumbai,Member,Female,Fashion accessories,18.08,4,0.9,75.94,1/14/2019,18:03,Credit card,3.44
588-47-8641,A,Chennai,Member,Male,Fashion accessories,56.04,10,2.8,588.42,1/14/2019,19:30,Ewallet,8.97
320-85-2052,B,Mumbai,Normal,Female,Sports and travel,34.81,1,1.74,36.55,1/14/2019,10:11,Credit card,5.22
451-73-2711,C,Nagpur,Normal,Male,Food and beverages,84.83,1,4.24,89.07,1/14/2019,15:20,Ewallet,16.97
704-10-4056,C,Nagpur,Member,Male,Health and beauty,60.47,3,3.02,190.48,1/14/2019,10:55,Credit card,9.68
559-61-5987,B,Mumbai,Normal,Female,Health and beauty,17.75,1,0.89,18.64,1/14/2019,10:38,Cash,3.2
658-66-3967,C,Nagpur,Normal,Male,Health and beauty,53.19,7,2.66,390.95,1/14/2019,15:42,Ewallet,10.11
377-79-7592,C,Nagpur,Member,Female,Electronic accessories,44.84,9,2.24,423.74,1/14/2019,14:00,Credit card,9.86
299-46-1805,B,Mumbai,Member,Female,Sports and travel,93.72,6,4.69,590.44,1/15/2019,16:19,Cash,19.68
272-65-1806,A,Chennai,Normal,Female,Electronic accessories,60.88,9,3.04,575.32,1/15/2019,17:17,Ewallet,10.96
437-58-8131,B,Mumbai,Normal,Female,Fashion accessories,73.52,2,3.68,154.39,1/15/2019,13:41,Ewallet,13.97
450-28-2866,C,Nagpur,Member,Male,Food and beverages,17.44,5,0.87,91.56,1/15/2019,19:25,Cash,3.49
138-17-5109,A,Chennai,Member,Female,Home and lifestyle,89.21,9,4.46,843.03,1/15/2019,15:42,Credit card,16.95
138-17-5109,A,Chennai,Normal,Female,Sports and travel,19.1,7,0.96,140.39,1/15/2019,10:43,Cash,3.25
589-02-8023,A,Chennai,Member,Male,Food and beverages,83.77,2,4.19,175.92,1/15/2019,10:54,Credit card,15.08
188-55-0967,B,Mumbai,Member,Male,Health and beauty,66.47,10,3.32,697.94,1/15/2019,15:01,Credit card,11.3
188-55-0967,B,Mumbai,Normal,Male,Electronic accessories,75.66,5,3.78,397.22,1/15/2019,18:22,Ewallet,16.65
314-23-4520,C,Nagpur,Member,Male,Health and beauty,81.23,7,4.06,597.04,1/15/2019,20:44,Cash,13
886-54-6089,A,Chennai,Normal,Female,Home and lifestyle,11.43,6,0.57,72.01,1/15/2019,17:24,Cash,2.17
744-16-7898,B,Mumbai,Normal,Female,Home and lifestyle,97.37,10,4.87,"1,022.39",1/15/2019,13:48,Credit card,18.5
660-29-7083,C,Nagpur,Normal,Male,Electronic accessories,55.87,10,2.79,586.64,1/15/2019,15:01,Cash,9.5
659-65-8956,B,Mumbai,Member,Male,Fashion accessories,51.36,1,2.57,53.93,1/16/2019,15:26,Ewallet,8.22
234-65-2137,C,Nagpur,Normal,Male,Home and lifestyle,95.58,10,4.78,"1,003.59",1/16/2019,13:32,Cash,15.29
234-65-2137,C,Nagpur,Normal,Female,Food and beverages,93.26,9,4.66,881.31,1/16/2019,18:08,Cash,20.52
347-72-6115,B,Mumbai,Member,Female,Sports and travel,90.74,7,4.54,666.94,1/16/2019,18:03,Credit card,17.24
286-62-6248,B,Mumbai,Normal,Male,Fashion accessories,39.21,4,1.96,164.68,1/16/2019,20:03,Credit card,6.27
859-71-0933,C,Nagpur,Member,Female,Sports and travel,15.49,2,0.77,32.53,1/16/2019,15:10,Cash,2.48
842-29-4695,C,Nagpur,Member,Male,Sports and travel,17.14,7,0.86,125.98,1/16/2019,12:07,Credit card,3.6
648-83-1321,A,Chennai,Member,Male,Home and lifestyle,63.56,10,3.18,667.38,1/16/2019,17:59,Cash,10.17
372-62-5264,C,Nagpur,Normal,Female,Food and beverages,52.6,9,2.63,497.07,1/16/2019,14:42,Cash,8.42
618-34-8551,A,Chennai,Normal,Female,Sports and travel,93.18,2,4.66,195.68,1/16/2019,18:41,Credit card,14.91
280-35-5823,B,Mumbai,Member,Female,Home and lifestyle,86.72,1,4.34,91.06,1/17/2019,18:45,Ewallet,13.88
746-54-5508,A,Chennai,Normal,Male,Home and lifestyle,21.52,6,1.08,135.58,1/17/2019,12:48,Credit card,4.3
600-38-9738,C,Nagpur,Member,Male,Sports and travel,71.92,5,3.6,377.58,1/17/2019,15:05,Credit card,12.95
698-98-5964,A,Chennai,Normal,Female,Food and beverages,81.21,10,4.06,852.71,1/17/2019,13:01,Credit card,17.87
349-97-8902,B,Mumbai,Member,Male,Food and beverages,57.89,2,2.89,121.57,1/17/2019,10:37,Ewallet,12.74
670-79-6321,B,Mumbai,Member,Female,Home and lifestyle,94.59,7,4.73,695.24,1/17/2019,15:27,Credit card,18.92
679-22-6530,B,Mumbai,Normal,Female,Sports and travel,40.62,2,2.03,85.3,1/17/2019,10:01,Credit card,8.94
445-30-9252,A,Chennai,Normal,Male,Sports and travel,25.7,3,1.29,80.96,1/17/2019,17:59,Ewallet,5.4
200-16-5952,C,Nagpur,Member,Male,Food and beverages,65.65,2,3.28,137.87,1/17/2019,16:46,Cash,15.1
497-37-6538,A,Chennai,Normal,Male,Sports and travel,58.91,7,2.95,432.99,1/17/2019,15:15,Ewallet,11.78
101-81-4070,C,Nagpur,Member,Female,Health and beauty,62.82,2,3.14,131.92,1/17/2019,12:36,Ewallet,13.82
700-81-1757,A,Chennai,Normal,Female,Electronic accessories,26.31,5,1.32,138.13,1/18/2019,20:59,Credit card,4.74
414-12-7047,B,Mumbai,Normal,Male,Food and beverages,19.79,8,0.99,166.24,1/18/2019,12:04,Ewallet,2.97
622-20-1945,C,Nagpur,Normal,Female,Health and beauty,39.42,1,1.97,41.39,1/18/2019,15:08,Cash,7.1
706-36-6154,A,Chennai,Member,Male,Home and lifestyle,19.36,9,0.97,182.95,1/18/2019,18:43,Ewallet,4.45
562-12-5430,A,Chennai,Member,Female,Fashion accessories,88.15,3,4.41,277.67,1/18/2019,10:11,Ewallet,19.39
821-14-9046,B,Mumbai,Member,Female,Fashion accessories,17.48,6,0.87,110.12,1/18/2019,15:04,Credit card,2.62
678-79-0726,C,Nagpur,Member,Female,Sports and travel,90.63,9,4.53,856.45,1/18/2019,15:28,Cash,19.03
166-19-2553,A,Chennai,Member,Male,Sports and travel,89.06,6,4.45,561.08,1/18/2019,17:26,Cash,15.14
781-84-8059,C,Nagpur,Normal,Male,Fashion accessories,60.74,7,3.04,446.44,1/18/2019,16:23,Ewallet,9.11
645-44-1170,A,Chennai,Member,Male,Home and lifestyle,58.07,9,2.9,548.76,1/19/2019,20:07,Ewallet,8.71
894-41-5205,C,Nagpur,Normal,Female,Food and beverages,43.18,8,2.16,362.71,1/19/2019,19:39,Credit card,9.07
796-32-9050,A,Chennai,Normal,Male,Food and beverages,51.28,6,2.56,323.06,1/19/2019,16:31,Cash,9.23
608-27-6295,B,Mumbai,Member,Male,Electronic accessories,52.89,6,2.64,333.21,1/19/2019,17:34,Credit card,7.93
779-06-0012,C,Nagpur,Member,Female,Home and lifestyle,88.61,1,4.43,93.04,1/19/2019,10:21,Cash,17.72
882-40-4577,A,Chennai,Member,Male,Sports and travel,67.26,4,3.36,282.49,1/19/2019,15:28,Credit card,10.76
375-72-3056,B,Mumbai,Normal,Male,Sports and travel,63.06,3,3.15,198.64,1/19/2019,15:58,Ewallet,11.98
284-54-4231,C,Nagpur,Member,Male,Sports and travel,80.93,1,4.05,84.98,1/19/2019,16:08,Credit card,13.76
149-61-1929,A,Chennai,Normal,Male,Sports and travel,64.19,10,3.21,674,1/19/2019,14:08,Credit card,12.2
482-17-1179,A,Chennai,Member,Male,Electronic accessories,11.94,3,0.6,37.61,1/19/2019,12:47,Credit card,2.27
832-51-6761,A,Chennai,Normal,Male,Food and beverages,33.88,8,1.69,284.59,1/19/2019,20:29,Ewallet,5.42
125-45-2293,A,Chennai,Normal,Female,Fashion accessories,99.1,6,4.96,624.33,1/19/2019,13:11,Cash,18.83
761-49-0439,B,Mumbai,Member,Female,Electronic accessories,12.1,8,0.61,101.64,1/19/2019,10:17,Ewallet,2.3
151-27-8496,C,Nagpur,Normal,Female,Electronic accessories,56.13,4,2.81,235.75,1/19/2019,11:43,Ewallet,12.91
809-69-9497,A,Chennai,Normal,Female,Home and lifestyle,45.68,10,2.28,479.64,1/19/2019,19:30,Ewallet,9.14
728-47-9078,C,Nagpur,Member,Male,Food and beverages,59.59,4,2.98,250.28,1/19/2019,12:46,Cash,13.71
809-69-9497,A,Chennai,Member,Female,Home and lifestyle,72.35,10,3.62,759.68,1/20/2019,15:55,Cash,11.58
378-24-2715,B,Mumbai,Normal,Male,Home and lifestyle,53.44,2,2.67,112.22,1/20/2019,20:38,Ewallet,9.08
645-78-8093,A,Chennai,Normal,Female,Sports and travel,93.14,2,4.66,195.59,1/20/2019,18:09,Ewallet,17.7
725-96-3778,C,Nagpur,Member,Female,Home and lifestyle,89.25,8,4.46,749.7,1/20/2019,10:13,Cash,16.96
257-73-1380,C,Nagpur,Member,Male,Sports and travel,82.93,4,4.15,348.31,1/20/2019,16:51,Ewallet,19.07
356-44-8813,B,Mumbai,Normal,Male,Home and lifestyle,37.48,3,1.87,118.06,1/20/2019,13:45,Credit card,6.75
760-27-5490,C,Nagpur,Normal,Male,Fashion accessories,15.62,8,0.78,131.21,1/20/2019,20:37,Ewallet,3.12
410-67-1709,A,Chennai,Member,Female,Fashion accessories,63.88,8,3.19,536.59,1/20/2019,17:48,Ewallet,10.22
787-87-2010,A,Chennai,Member,Male,Health and beauty,55.5,4,2.78,233.1,1/20/2019,15:48,Credit card,11.66
458-10-8612,C,Nagpur,Normal,Male,Health and beauty,64.08,7,3.2,470.99,1/20/2019,12:27,Ewallet,10.89
329-62-1586,A,Chennai,Normal,Male,Food and beverages,54.67,3,2.73,172.21,1/21/2019,18:00,Credit card,9.29
870-72-4431,C,Nagpur,Normal,Female,Health and beauty,99.19,6,4.96,624.9,1/21/2019,14:42,Credit card,16.86
239-10-7476,A,Chennai,Normal,Female,Home and lifestyle,77.95,6,3.9,491.09,1/21/2019,16:37,Ewallet,12.47
316-68-6352,A,Chennai,Member,Female,Food and beverages,36.36,2,1.82,76.36,1/21/2019,10:00,Cash,6.18
462-67-9126,A,Chennai,Normal,Male,Home and lifestyle,73.22,6,3.66,461.29,1/21/2019,17:44,Cash,13.18
269-10-8440,A,Chennai,Member,Male,Health and beauty,53.17,7,2.66,390.8,1/21/2019,18:01,Cash,10.1
401-18-8016,B,Mumbai,Member,Female,Sports and travel,98.13,1,4.91,103.04,1/21/2019,17:36,Cash,18.64
162-65-8559,C,Nagpur,Member,Male,Food and beverages,68.98,1,3.45,72.43,1/21/2019,20:13,Cash,12.42
287-21-9091,A,Chennai,Normal,Male,Home and lifestyle,74.67,9,3.73,705.63,1/22/2019,10:55,Ewallet,11.2
756-01-7507,C,Nagpur,Normal,Female,Health and beauty,20.38,5,1.02,107,1/22/2019,18:56,Cash,3.67
756-01-7507,C,Nagpur,Member,Female,Health and beauty,81.51,1,4.08,85.59,1/22/2019,10:57,Ewallet,17.93
521-18-7827,C,Nagpur,Member,Male,Home and lifestyle,39.39,5,1.97,206.8,1/22/2019,20:46,Credit card,8.27
460-35-4390,A,Chennai,Normal,Male,Home and lifestyle,30.68,3,1.53,96.64,1/22/2019,11:00,Ewallet,4.91
563-47-4072,B,Mumbai,Normal,Female,Health and beauty,55.81,6,2.79,351.6,1/22/2019,11:52,Cash,10.6
120-54-2248,B,Mumbai,Normal,Female,Food and beverages,28.86,5,1.44,151.52,1/22/2019,18:08,Credit card,5.77
480-63-2856,C,Nagpur,Normal,Male,Food and beverages,19.25,8,0.96,161.7,1/23/2019,18:37,Ewallet,4.43
565-80-5980,C,Nagpur,Member,Female,Home and lifestyle,47.38,4,2.37,199,1/23/2019,10:25,Cash,8.05
731-81-9469,C,Nagpur,Member,Female,Sports and travel,89.8,10,4.49,942.9,1/23/2019,13:00,Credit card,13.47
434-83-9547,C,Nagpur,Member,Male,Food and beverages,38.47,8,1.92,323.15,1/23/2019,11:51,Cash,8.85
604-70-6476,A,Chennai,Member,Male,Fashion accessories,17.94,5,0.9,94.19,1/23/2019,14:04,Ewallet,3.77
740-22-2500,C,Nagpur,Normal,Female,Electronic accessories,84.05,3,4.2,264.76,1/23/2019,13:29,Cash,12.61
767-05-1286,C,Nagpur,Member,Female,Home and lifestyle,83.77,6,4.19,527.75,1/23/2019,12:10,Ewallet,19.27
213-32-1216,A,Chennai,Normal,Female,Electronic accessories,66.06,6,3.3,416.18,1/23/2019,10:28,Cash,15.19
219-61-4139,C,Nagpur,Normal,Male,Electronic accessories,83.08,1,4.15,87.23,1/23/2019,17:16,Ewallet,19.11
318-12-0304,A,Chennai,Normal,Male,Fashion accessories,30.61,1,1.53,32.14,1/23/2019,12:20,Ewallet,7.04
828-46-6863,A,Chennai,Member,Male,Food and beverages,98.53,6,4.93,620.74,1/23/2019,11:22,Credit card,22.66
790-38-4466,C,Nagpur,Normal,Female,Health and beauty,10.99,5,0.55,57.7,1/23/2019,10:18,Credit card,1.87
477-59-2456,C,Nagpur,Normal,Female,Fashion accessories,45.44,7,2.27,333.98,1/23/2019,11:15,Cash,10.45
160-22-2687,A,Chennai,Member,Female,Health and beauty,95.95,5,4.8,503.74,1/23/2019,14:21,Ewallet,18.23
160-22-2687,A,Chennai,Member,Female,Food and beverages,47.63,9,2.38,450.1,1/23/2019,12:35,Cash,7.62
809-46-1866,A,Chennai,Normal,Male,Health and beauty,58.15,4,2.91,244.23,1/23/2019,17:44,Cash,9.89
148-41-7930,C,Nagpur,Normal,Male,Health and beauty,99.96,7,5,734.71,1/23/2019,10:33,Cash,22.99
232-11-3025,A,Chennai,Normal,Male,Sports and travel,78.77,10,3.94,827.09,1/24/2019,10:04,Cash,17.33
139-20-0155,B,Mumbai,Member,Male,Electronic accessories,40.3,10,2.02,423.15,1/24/2019,17:37,Credit card,6.85
726-27-2396,A,Chennai,Normal,Female,Health and beauty,77.5,5,3.88,406.88,1/24/2019,20:36,Ewallet,12.4
435-13-4908,A,Chennai,Member,Male,Fashion accessories,86.68,8,4.33,728.11,1/24/2019,18:04,Credit card,19.07
789-23-8625,B,Mumbai,Member,Male,Fashion accessories,93.22,3,4.66,293.64,1/24/2019,11:45,Cash,17.71
510-79-0415,B,Mumbai,Member,Female,Sports and travel,23.08,6,1.15,145.4,1/24/2019,19:20,Ewallet,5.08
438-23-1242,B,Mumbai,Normal,Male,Electronic accessories,75.88,7,3.79,557.72,1/24/2019,10:38,Ewallet,17.45
775-72-1988,B,Mumbai,Normal,Male,Home and lifestyle,73.28,5,3.66,384.72,1/24/2019,15:05,Ewallet,13.19
443-60-9639,C,Nagpur,Member,Female,Home and lifestyle,60.87,1,3.04,63.91,1/24/2019,13:24,Cash,13.39
778-34-2523,A,Chennai,Member,Female,Electronic accessories,48.62,8,2.43,408.41,1/24/2019,10:57,Cash,8.75
237-44-6163,A,Chennai,Normal,Male,Electronic accessories,10.56,8,0.53,88.7,1/24/2019,17:43,Cash,2.43
235-06-8510,C,Nagpur,Member,Male,Home and lifestyle,85.72,3,4.29,270.02,1/24/2019,20:59,Ewallet,16.29
602-16-6955,B,Mumbai,Normal,Female,Sports and travel,76.6,10,3.83,804.3,1/24/2019,18:10,Ewallet,13.79
145-94-9061,B,Mumbai,Normal,Female,Food and beverages,88.36,5,4.42,463.89,1/25/2019,19:48,Cash,14.14
778-71-5554,C,Nagpur,Member,Male,Fashion accessories,15.43,1,0.77,16.2,1/25/2019,15:46,Credit card,2.93
191-10-6171,B,Mumbai,Normal,Female,Fashion accessories,39.62,7,1.98,291.21,1/25/2019,13:18,Cash,8.32
280-17-4359,C,Nagpur,Member,Male,Health and beauty,90.5,10,4.53,950.25,1/25/2019,13:48,Cash,15.39
824-88-3614,C,Nagpur,Normal,Male,Health and beauty,34.31,8,1.72,288.2,1/25/2019,15:00,Ewallet,5.15
888-02-0338,A,Chennai,Normal,Male,Electronic accessories,26.23,9,1.31,247.87,1/25/2019,20:24,Ewallet,4.46
283-79-9594,B,Mumbai,Normal,Female,Food and beverages,48.51,7,2.43,356.55,1/25/2019,13:30,Credit card,7.76
307-83-9164,A,Chennai,Member,Male,Home and lifestyle,60.01,4,3,252.04,1/25/2019,15:54,Cash,13.2
730-61-8757,B,Mumbai,Member,Male,Health and beauty,51.13,4,2.56,214.75,1/25/2019,10:11,Credit card,9.71
261-12-8671,B,Mumbai,Normal,Female,Fashion accessories,60.96,2,3.05,128.02,1/25/2019,19:39,Credit card,13.41
569-71-4390,B,Mumbai,Normal,Male,Sports and travel,21.87,2,1.09,45.93,1/25/2019,14:29,Ewallet,3.28
569-71-4390,B,Mumbai,Normal,Male,Health and beauty,96.11,1,4.81,100.92,1/25/2019,16:28,Ewallet,19.22
340-21-9136,A,Chennai,Member,Female,Sports and travel,40.05,4,2,168.21,1/25/2019,11:40,Cash,7.61
856-66-2701,A,Chennai,Member,Male,Home and lifestyle,53.3,3,2.67,167.9,1/25/2019,14:19,Ewallet,9.06
394-55-6384,C,Nagpur,Member,Female,Sports and travel,70.19,9,3.51,663.3,1/25/2019,13:38,Cash,16.14
288-38-3758,C,Nagpur,Member,Female,Fashion accessories,84.87,3,4.24,267.34,1/25/2019,18:30,Ewallet,15.28
843-73-4724,A,Chennai,Normal,Male,Fashion accessories,74.1,1,3.71,77.81,1/25/2019,11:05,Cash,17.04
847-38-7188,B,Mumbai,Normal,Female,Food and beverages,96.68,3,4.83,304.54,1/26/2019,19:56,Ewallet,22.24
225-32-0908,C,Nagpur,Normal,Female,Sports and travel,44.86,10,2.24,471.03,1/26/2019,19:54,Ewallet,6.73
316-55-4634,B,Mumbai,Member,Male,Food and beverages,80.05,5,4,420.26,1/26/2019,12:45,Credit card,12.01
641-43-2399,B,Mumbai,Normal,Male,Home and lifestyle,25.55,4,1.28,107.31,1/26/2019,20:23,Ewallet,4.6
836-82-5858,B,Mumbai,Member,Male,Health and beauty,69.37,9,3.47,655.55,1/26/2019,19:14,Ewallet,13.18
289-65-5721,B,Mumbai,Normal,Female,Fashion accessories,81.37,2,4.07,170.88,1/26/2019,19:28,Cash,18.72
834-61-8124,A,Chennai,Normal,Male,Electronic accessories,51.69,7,2.58,379.92,1/26/2019,18:22,Cash,11.89
173-82-9529,B,Mumbai,Normal,Female,Fashion accessories,37.95,10,1.9,398.48,1/26/2019,14:51,Cash,6.07
539-21-7227,B,Mumbai,Normal,Female,Sports and travel,51.54,5,2.58,270.59,1/26/2019,17:45,Cash,10.31
258-69-7810,C,Nagpur,Normal,Female,Fashion accessories,36.85,5,1.84,193.46,1/26/2019,18:53,Cash,5.9
881-41-7302,C,Nagpur,Normal,Female,Fashion accessories,64.99,1,3.25,68.24,1/26/2019,10:06,Credit card,13.65
135-13-8269,B,Mumbai,Member,Female,Food and beverages,78.88,2,3.94,165.65,1/26/2019,16:04,Cash,15.78
308-39-1707,A,Chennai,Normal,Female,Fashion accessories,12.09,1,0.6,12.69,1/26/2019,18:19,Credit card,2.3
896-34-0956,A,Chennai,Normal,Male,Fashion accessories,21.32,1,1.07,22.39,1/26/2019,12:43,Cash,4.05
176-78-1170,C,Nagpur,Member,Male,Health and beauty,33.81,3,1.69,106.5,1/26/2019,15:11,Ewallet,5.07
794-42-3736,B,Mumbai,Normal,Male,Food and beverages,33.33,2,1.67,69.99,1/26/2019,14:41,Credit card,6.33
452-04-8808,B,Mumbai,Normal,Male,Electronic accessories,87.08,7,4.35,640.04,1/26/2019,15:17,Cash,15.67
123-19-1176,A,Chennai,Member,Male,Health and beauty,58.22,8,2.91,489.05,1/27/2019,20:33,Ewallet,9.32
870-54-3162,A,Chennai,Normal,Female,Sports and travel,32.25,5,1.61,169.31,1/27/2019,13:26,Cash,5.81
870-54-3162,A,Chennai,Normal,Female,Home and lifestyle,12.03,2,0.6,25.26,1/27/2019,15:51,Cash,2.29
613-59-9758,C,Nagpur,Normal,Female,Sports and travel,14.36,10,0.72,150.78,1/27/2019,14:28,Cash,2.44
613-59-9758,C,Nagpur,Member,Female,Fashion accessories,54.07,9,2.7,510.96,1/27/2019,14:55,Ewallet,10.81
325-90-8763,C,Nagpur,Member,Female,Electronic accessories,46.57,10,2.33,488.99,1/27/2019,13:58,Cash,6.99
862-59-8517,C,Nagpur,Normal,Female,Food and beverages,90.24,6,4.51,568.51,1/27/2019,11:17,Cash,20.76
620-02-2046,C,Nagpur,Normal,Male,Home and lifestyle,69.4,2,3.47,145.74,1/27/2019,19:48,Ewallet,15.96
595-27-4851,A,Chennai,Normal,Female,Fashion accessories,54.28,7,2.71,398.96,1/27/2019,18:05,Ewallet,12.48
534-01-4457,A,Chennai,Normal,Male,Food and beverages,81.71,6,4.09,514.77,1/27/2019,14:36,Credit card,12.26
788-07-8452,C,Nagpur,Member,Female,Home and lifestyle,24.24,7,1.21,178.16,1/27/2019,17:38,Ewallet,3.88
869-11-3082,B,Mumbai,Member,Male,Health and beauty,96.16,4,4.81,403.87,1/27/2019,20:03,Credit card,16.35
585-90-0249,A,Chennai,Member,Male,Electronic accessories,73.26,1,3.66,76.92,1/27/2019,18:08,Ewallet,13.92
624-01-8356,B,Mumbai,Normal,Female,Home and lifestyle,49.01,10,2.45,514.61,1/27/2019,10:44,Credit card,8.82
149-71-6266,B,Mumbai,Member,Male,Sports and travel,78.07,9,3.9,737.76,1/28/2019,12:43,Cash,15.61
400-89-4171,C,Nagpur,Normal,Female,Sports and travel,80.97,8,4.05,680.15,1/28/2019,13:05,Cash,13.76
342-65-4817,C,Nagpur,Member,Male,Health and beauty,86.8,3,4.34,273.42,1/28/2019,16:47,Ewallet,14.76
593-65-1552,C,Nagpur,Normal,Female,Home and lifestyle,69.81,4,3.49,293.2,1/28/2019,20:50,Credit card,13.96
211-30-9270,C,Nagpur,Normal,Male,Health and beauty,17.41,5,0.87,91.4,1/28/2019,15:16,Credit card,3.13
372-26-1506,C,Nagpur,Normal,Female,Fashion accessories,23.82,5,1.19,125.06,1/28/2019,19:24,Ewallet,3.81
390-80-5128,B,Mumbai,Member,Female,Health and beauty,19.15,1,0.96,20.11,1/28/2019,17:58,Credit card,4.4
726-29-6793,A,Chennai,Member,Male,Electronic accessories,24.18,8,1.21,203.11,1/28/2019,20:54,Ewallet,4.84
243-47-2663,C,Nagpur,Member,Male,Electronic accessories,18.77,6,0.94,118.25,1/28/2019,16:43,Credit card,2.82
222-42-0244,B,Mumbai,Member,Female,Health and beauty,72.11,9,3.61,681.44,1/28/2019,13:53,Credit card,15.86
544-55-9589,B,Mumbai,Member,Female,Electronic accessories,21.43,10,1.07,225.02,1/28/2019,11:51,Cash,3.64
699-88-1972,B,Mumbai,Normal,Male,Health and beauty,99.16,8,4.96,832.94,1/28/2019,17:47,Credit card,20.82
865-41-9075,A,Chennai,Normal,Male,Food and beverages,11.53,7,0.58,84.75,1/28/2019,17:35,Cash,2.65
430-53-4718,B,Mumbai,Member,Male,Health and beauty,75.37,8,3.77,633.11,1/28/2019,15:46,Credit card,15.83
746-94-0204,A,Chennai,Normal,Male,Fashion accessories,83.24,9,4.16,786.62,1/29/2019,11:56,Credit card,14.98
606-80-4905,C,Nagpur,Member,Female,Sports and travel,19.15,6,0.96,120.65,1/29/2019,10:01,Credit card,3.64
110-48-7033,B,Mumbai,Member,Male,Fashion accessories,32.62,4,1.63,137,1/29/2019,14:12,Cash,4.89
382-25-8917,C,Nagpur,Normal,Male,Fashion accessories,42.08,6,2.1,265.1,1/29/2019,12:25,Cash,8.42
575-67-1508,A,Chennai,Normal,Male,Electronic accessories,38.6,1,1.93,40.53,1/29/2019,11:26,Ewallet,6.18
862-17-9201,B,Mumbai,Normal,Female,Food and beverages,84.05,6,4.2,529.52,1/29/2019,10:48,Credit card,18.49
343-61-3544,B,Mumbai,Member,Male,Sports and travel,26.67,10,1.33,280.04,1/29/2019,11:48,Cash,5.07
816-72-8853,A,Chennai,Member,Female,Sports and travel,27.93,5,1.4,146.63,1/29/2019,15:48,Cash,4.47
800-09-8606,A,Chennai,Member,Female,Home and lifestyle,87.37,5,4.37,458.69,1/29/2019,19:45,Cash,14.85
137-63-5492,C,Nagpur,Normal,Male,Electronic accessories,58.76,10,2.94,616.98,1/29/2019,14:26,Ewallet,12.93
569-76-2760,A,Chennai,Member,Female,Sports and travel,22.01,4,1.1,92.44,1/29/2019,18:15,Credit card,3.74
233-67-5758,C,Nagpur,Normal,Male,Health and beauty,40.35,1,2.02,42.37,1/29/2019,13:46,Ewallet,8.88
423-80-0988,C,Nagpur,Normal,Male,Sports and travel,76.4,2,3.82,160.44,1/30/2019,19:42,Ewallet,16.04
416-13-5917,C,Nagpur,Normal,Female,Food and beverages,97.03,5,4.85,509.41,1/30/2019,16:24,Ewallet,16.5
182-69-8360,B,Mumbai,Normal,Female,Electronic accessories,23.65,4,1.18,99.33,1/30/2019,13:32,Credit card,5.44
556-72-8512,C,Nagpur,Normal,Male,Home and lifestyle,22.96,1,1.15,24.11,1/30/2019,20:47,Cash,5.05
283-26-5248,C,Nagpur,Member,Female,Food and beverages,98.52,10,4.93,"1,034.46",1/30/2019,20:23,Ewallet,20.69
134-54-4720,B,Mumbai,Normal,Female,Electronic accessories,42.42,8,2.12,356.33,1/30/2019,13:58,Ewallet,9.33
664-14-2882,C,Nagpur,Member,Female,Home and lifestyle,10.53,5,0.53,55.28,1/30/2019,14:43,Credit card,1.68
804-38-3935,A,Chennai,Member,Male,Electronic accessories,93.78,3,4.69,295.41,1/30/2019,11:32,Credit card,21.57
862-29-5914,C,Nagpur,Normal,Female,Sports and travel,22.38,1,1.12,23.5,1/30/2019,17:08,Credit card,3.8
239-36-3640,B,Mumbai,Normal,Male,Electronic accessories,45.35,6,2.27,285.71,1/31/2019,13:44,Ewallet,9.07
583-72-1480,C,Nagpur,Member,Male,Electronic accessories,37.06,4,1.85,155.65,1/31/2019,16:24,Ewallet,7.78
366-93-0948,A,Chennai,Member,Male,Electronic accessories,66.35,1,3.32,69.67,1/31/2019,10:46,Credit card,14.6
226-71-3580,C,Nagpur,Normal,Female,Sports and travel,23.75,9,1.19,224.44,1/31/2019,12:02,Cash,4.75
532-59-7201,B,Mumbai,Member,Male,Sports and travel,79.93,6,4,503.56,1/31/2019,14:04,Cash,16.79
525-88-7307,B,Mumbai,Member,Male,Sports and travel,75.82,1,3.79,79.61,1/31/2019,13:19,Cash,11.37
286-75-7818,B,Mumbai,Normal,Male,Fashion accessories,69.08,2,3.45,145.07,1/31/2019,19:48,Credit card,15.89
187-83-5490,A,Chennai,Member,Male,Electronic accessories,20.77,4,1.04,87.23,1/31/2019,13:47,Cash,4.78
834-45-5519,B,Mumbai,Normal,Female,Electronic accessories,43,4,2.15,180.6,1/31/2019,20:48,Ewallet,6.88
735-32-9839,C,Nagpur,Member,Male,Fashion accessories,98.7,8,4.94,829.08,1/31/2019,10:36,Ewallet,22.7
525-09-8450,B,Mumbai,Normal,Male,Electronic accessories,72.13,10,3.61,757.37,1/31/2019,15:12,Credit card,15.15
457-94-0464,B,Mumbai,Member,Male,Electronic accessories,87.87,9,4.39,830.37,1/31/2019,20:32,Ewallet,19.33
189-55-2313,C,Nagpur,Normal,Female,Fashion accessories,62.18,10,3.11,652.89,1/31/2019,10:33,Ewallet,14.3
522-57-8364,A,Chennai,Member,Male,Fashion accessories,51.34,8,2.57,431.26,1/31/2019,10:00,Ewallet,9.75
551-21-3069,C,Nagpur,Normal,Female,Electronic accessories,23.07,9,1.15,218.01,02-01-2019,11:27,Cash,4.15
551-21-3069,C,Nagpur,Member,Female,Home and lifestyle,80.79,9,4.04,763.47,02-01-2019,20:31,Credit card,12.93
105-31-1824,A,Chennai,Member,Male,Sports and travel,69.52,7,3.48,510.97,02-01-2019,15:10,Credit card,13.21
870-76-1733,A,Chennai,Member,Female,Food and beverages,14.23,5,0.71,74.71,02-01-2019,10:08,Credit card,2.28
358-88-9262,C,Nagpur,Member,Female,Food and beverages,87.48,6,4.37,551.12,02-01-2019,18:43,Ewallet,15.75
443-82-0585,A,Chennai,Member,Female,Health and beauty,77.68,4,3.88,326.26,02-01-2019,19:54,Cash,14.76
554-53-8700,C,Nagpur,Member,Male,Home and lifestyle,56.11,2,2.81,117.83,02-02-2019,10:11,Cash,9.54
382-03-4532,A,Chennai,Member,Female,Health and beauty,18.33,1,0.92,19.25,02-02-2019,18:50,Cash,3.48
642-32-2990,A,Chennai,Normal,Female,Food and beverages,10.96,10,0.55,115.08,02-02-2019,20:48,Ewallet,1.97
376-02-8238,B,Mumbai,Normal,Male,Home and lifestyle,93.87,8,4.69,788.51,02-02-2019,18:42,Credit card,21.59
845-51-0542,B,Mumbai,Member,Male,Food and beverages,46.55,9,2.33,439.9,02-02-2019,15:34,Ewallet,9.31
376-56-3573,C,Nagpur,Normal,Female,Fashion accessories,95.42,4,4.77,400.76,02-02-2019,13:23,Ewallet,20.04
201-86-2184,B,Mumbai,Member,Female,Electronic accessories,26.26,7,1.31,193.01,02-02-2019,19:40,Cash,5.25
405-31-3305,A,Chennai,Member,Male,Fashion accessories,43.13,10,2.16,452.87,02-02-2019,18:31,Credit card,7.33
541-08-3113,C,Nagpur,Normal,Male,Food and beverages,65.97,8,3.3,554.15,02-02-2019,20:29,Cash,13.85
420-18-8989,A,Chennai,Member,Female,Sports and travel,51.52,8,2.58,432.77,02-02-2019,15:47,Cash,11.33
418-05-0656,B,Mumbai,Normal,Female,Fashion accessories,25.56,7,1.28,187.87,02-02-2019,20:42,Cash,5.88
390-17-5806,C,Nagpur,Member,Female,Food and beverages,38.42,1,1.92,40.34,02-02-2019,16:33,Cash,7.3
717-96-4189,C,Nagpur,Normal,Female,Electronic accessories,35.49,6,1.77,223.59,02-02-2019,12:40,Cash,7.81
756-93-1854,C,Nagpur,Member,Female,Fashion accessories,83.35,2,4.17,175.04,02-02-2019,14:05,Credit card,12.5
326-78-5178,C,Nagpur,Member,Male,Food and beverages,91.4,7,4.57,671.79,02-03-2019,10:19,Cash,18.28
347-34-2234,B,Mumbai,Member,Female,Sports and travel,55.07,9,2.75,520.41,02-03-2019,13:40,Ewallet,12.12
430-60-3493,A,Chennai,Member,Female,Home and lifestyle,94.88,7,4.74,697.37,02-03-2019,14:38,Cash,21.82
566-71-1091,A,Chennai,Normal,Male,Fashion accessories,77.02,5,3.85,404.36,02-03-2019,15:59,Cash,16.17
639-76-1242,C,Nagpur,Normal,Male,Food and beverages,40.52,5,2.03,212.73,02-03-2019,15:19,Cash,8.1
326-71-2155,C,Nagpur,Normal,Female,Sports and travel,73.95,4,3.7,310.59,02-03-2019,10:02,Cash,11.09
277-63-2961,B,Mumbai,Member,Male,Sports and travel,73.97,1,3.7,77.67,02-03-2019,15:53,Credit card,13.31
718-57-9773,C,Nagpur,Normal,Female,Sports and travel,49.33,10,2.47,517.97,02-03-2019,16:40,Credit card,8.39
443-59-0061,A,Chennai,Member,Male,Food and beverages,67.45,10,3.37,708.23,02-03-2019,11:25,Ewallet,12.14
742-04-5161,A,Chennai,Member,Male,Home and lifestyle,72.78,10,3.64,764.19,02-03-2019,17:24,Cash,16.74
322-02-2271,B,Mumbai,Normal,Female,Sports and travel,42.97,3,2.15,135.36,02-03-2019,11:46,Cash,9.45
585-86-8361,A,Chennai,Normal,Female,Food and beverages,27.28,5,1.36,143.22,02-03-2019,10:31,Credit card,6
190-59-3964,B,Mumbai,Member,Male,Food and beverages,47.16,5,2.36,247.59,02-03-2019,14:35,Credit card,8.96
190-59-3964,B,Mumbai,Member,Male,Fashion accessories,53.78,1,2.69,56.47,02-03-2019,20:13,Ewallet,9.68
441-94-7118,A,Chennai,Member,Male,Electronic accessories,71.95,1,3.6,75.55,02-04-2019,12:14,Cash,11.51
236-86-3015,C,Nagpur,Member,Male,Home and lifestyle,13.98,1,0.7,14.68,02-04-2019,13:38,Ewallet,2.8
745-71-3520,A,Chennai,Member,Female,Electronic accessories,25.22,7,1.26,185.37,02-04-2019,10:23,Cash,5.3
627-95-3243,B,Mumbai,Member,Female,Home and lifestyle,77.68,9,3.88,734.08,02-04-2019,13:21,Ewallet,16.31
198-66-9832,B,Mumbai,Member,Female,Fashion accessories,72.04,2,3.6,151.28,02-04-2019,19:38,Cash,12.97
695-28-6250,A,Chennai,Normal,Female,Sports and travel,43.06,5,2.15,226.07,02-04-2019,16:38,Ewallet,7.32
518-17-2983,A,Chennai,Normal,Female,Fashion accessories,48.63,4,2.43,204.25,02-04-2019,15:44,Ewallet,7.78
268-20-3585,C,Nagpur,Normal,Female,Health and beauty,13.85,9,0.69,130.88,02-04-2019,12:50,Ewallet,2.63
434-35-9162,B,Mumbai,Member,Male,Food and beverages,23.34,4,1.17,98.03,02-04-2019,18:53,Ewallet,4.2
404-91-5964,A,Chennai,Normal,Male,Electronic accessories,74.58,7,3.73,548.16,02-04-2019,16:09,Credit card,14.17
151-33-7434,B,Mumbai,Normal,Female,Food and beverages,67.77,1,3.39,71.16,02-04-2019,20:43,Credit card,10.84
479-26-8945,B,Mumbai,Member,Female,Sports and travel,16.49,2,0.82,34.63,02-05-2019,11:32,Ewallet,3.46
210-67-5886,C,Nagpur,Member,Female,Health and beauty,98.21,3,4.91,309.36,02-05-2019,10:41,Credit card,14.73
338-65-2210,C,Nagpur,Member,Female,Health and beauty,68.6,10,3.43,720.3,02-05-2019,19:57,Cash,13.72
729-09-9681,A,Chennai,Member,Male,Home and lifestyle,25.91,6,1.3,163.23,02-05-2019,10:16,Ewallet,4.4
181-94-6432,C,Nagpur,Member,Male,Fashion accessories,69.33,2,3.47,145.59,02-05-2019,19:05,Ewallet,15.95
374-17-3652,B,Mumbai,Member,Female,Food and beverages,42.82,9,2.14,404.65,02-05-2019,15:26,Credit card,9.42
210-57-1719,B,Mumbai,Normal,Female,Health and beauty,58.24,9,2.91,550.37,02-05-2019,12:34,Cash,11.65
880-35-0356,A,Chennai,Member,Female,Sports and travel,75.2,3,3.76,236.88,02-05-2019,11:51,Ewallet,16.54
307-04-2070,A,Chennai,Member,Female,Fashion accessories,30.62,1,1.53,32.15,02-05-2019,14:14,Credit card,5.21
325-89-4209,A,Chennai,Member,Male,Food and beverages,87.9,1,4.4,92.3,02-05-2019,19:42,Ewallet,19.34
409-49-6995,C,Nagpur,Member,Female,Food and beverages,47.27,6,2.36,297.8,02-05-2019,10:17,Cash,7.09
324-92-3863,A,Chennai,Member,Male,Electronic accessories,20.89,2,1.04,43.87,02-05-2019,18:45,Cash,4.39
351-62-0822,B,Mumbai,Member,Female,Fashion accessories,14.48,4,0.72,60.82,02-06-2019,18:07,Ewallet,2.17
183-56-6882,C,Nagpur,Member,Female,Food and beverages,99.42,4,4.97,417.56,02-06-2019,10:42,Ewallet,22.87
727-46-3608,B,Mumbai,Member,Female,Food and beverages,20.01,9,1,189.09,02-06-2019,15:47,Ewallet,3.8
512-91-0811,C,Nagpur,Normal,Male,Health and beauty,89.75,1,4.49,94.24,02-06-2019,20:05,Credit card,14.36
875-46-5808,B,Mumbai,Member,Male,Health and beauty,25.9,10,1.3,271.95,02-06-2019,14:51,Ewallet,4.4
595-86-2894,C,Nagpur,Member,Male,Fashion accessories,96.98,4,4.85,407.32,02-06-2019,17:20,Ewallet,18.43
609-81-8548,A,Chennai,Member,Female,Home and lifestyle,37.44,6,1.87,235.87,02-06-2019,13:55,Credit card,8.24
857-67-9057,B,Mumbai,Normal,Male,Electronic accessories,22.95,10,1.15,240.98,02-06-2019,19:20,Ewallet,5.28
258-92-7466,A,Chennai,Normal,Female,Health and beauty,35.68,5,1.78,187.32,02-06-2019,18:33,Credit card,7.49
149-14-0304,C,Nagpur,Member,Female,Health and beauty,28.5,8,1.43,239.4,02-06-2019,14:24,Cash,4.85
149-14-0304,C,Nagpur,Normal,Female,Food and beverages,52.42,1,2.62,55.04,02-06-2019,10:22,Credit card,12.06
811-35-1094,B,Mumbai,Member,Male,Electronic accessories,50.45,6,2.52,317.84,02-06-2019,15:16,Credit card,8.07
373-88-1424,C,Nagpur,Member,Male,Home and lifestyle,35.81,5,1.79,188,02-06-2019,18:44,Ewallet,8.24
252-56-2699,A,Chennai,Normal,Male,Food and beverages,43.19,10,2.16,453.5,02-07-2019,16:48,Ewallet,6.48
635-40-6220,A,Chennai,Normal,Male,Health and beauty,89.6,8,4.48,752.64,02-07-2019,11:28,Ewallet,18.82
214-17-6927,C,Nagpur,Normal,Female,Food and beverages,16.48,6,0.82,103.82,02-07-2019,18:23,Ewallet,3.13
380-94-4661,C,Nagpur,Member,Male,Electronic accessories,65.94,4,3.3,276.95,02-07-2019,13:05,Credit card,11.21
868-81-1752,B,Mumbai,Normal,Male,Home and lifestyle,22.02,9,1.1,208.09,02-07-2019,18:48,Cash,4.84
810-60-6344,C,Nagpur,Normal,Female,Electronic accessories,40.86,8,2.04,343.22,02-07-2019,14:38,Credit card,7.76
533-33-5337,B,Mumbai,Normal,Male,Electronic accessories,79.39,10,3.97,833.6,02-07-2019,20:24,Cash,15.08
827-44-5872,B,Mumbai,Member,Female,Food and beverages,54.36,10,2.72,570.78,02-07-2019,11:28,Credit card,12.5
583-41-4548,C,Nagpur,Normal,Male,Home and lifestyle,16.67,7,0.83,122.52,02-07-2019,11:36,Ewallet,3.83
560-49-6611,A,Chennai,Member,Female,Sports and travel,45.58,1,2.28,47.86,02-07-2019,14:13,Cash,7.29
560-49-6611,A,Chennai,Normal,Female,Electronic accessories,28.96,1,1.45,30.41,02-07-2019,10:18,Credit card,5.5
641-96-3695,C,Nagpur,Member,Female,Fashion accessories,43.46,6,2.17,273.8,02-07-2019,17:55,Ewallet,8.26
648-94-3045,C,Nagpur,Normal,Male,Health and beauty,58.95,10,2.95,618.98,02-07-2019,14:27,Ewallet,9.43
626-43-7888,C,Nagpur,Normal,Female,Fashion accessories,60.41,8,3.02,507.44,02-07-2019,12:23,Ewallet,9.06
784-21-9238,C,Nagpur,Member,Male,Sports and travel,10.17,1,0.51,10.68,02-07-2019,14:15,Cash,2.34
114-35-5271,B,Mumbai,Normal,Female,Electronic accessories,57.91,8,2.9,486.44,02-07-2019,15:06,Cash,9.27
453-33-6436,A,Chennai,Normal,Female,Home and lifestyle,93.12,8,4.66,782.21,02-07-2019,10:09,Cash,14.9
430-02-3888,B,Mumbai,Normal,Male,Electronic accessories,46.02,6,2.3,289.93,02-07-2019,15:55,Cash,7.36
744-82-9138,C,Nagpur,Normal,Male,Fashion accessories,86.13,2,4.31,180.87,02-07-2019,17:59,Cash,12.92
374-38-5555,B,Mumbai,Normal,Female,Fashion accessories,63.71,5,3.19,334.48,02-07-2019,19:30,Ewallet,12.74
373-73-7910,A,Chennai,Normal,Male,Sports and travel,86.31,7,4.32,634.38,02-08-2019,10:37,Ewallet,12.95
649-29-6775,B,Mumbai,Normal,Male,Fashion accessories,33.52,1,1.68,35.2,02-08-2019,15:31,Cash,7.37
354-25-5821,B,Mumbai,Member,Female,Sports and travel,69.12,6,3.46,435.46,02-08-2019,13:03,Cash,13.13
549-84-7482,B,Mumbai,Normal,Female,Sports and travel,90.28,9,4.51,853.15,02-08-2019,11:15,Ewallet,17.15
687-47-8271,A,Chennai,Normal,Male,Fashion accessories,98.98,10,4.95,"1,039.29",02-08-2019,16:20,Credit card,16.83
732-04-5373,B,Mumbai,Member,Male,Home and lifestyle,46.47,4,2.32,195.17,02-08-2019,10:53,Cash,10.22
271-88-8734,C,Nagpur,Member,Female,Fashion accessories,97.21,10,4.86,"1,020.71",02-08-2019,13:00,Credit card,18.47
440-59-5691,C,Nagpur,Member,Female,Health and beauty,37.15,7,1.86,273.05,02-08-2019,13:12,Credit card,7.06
830-58-2383,B,Mumbai,Normal,Male,Home and lifestyle,31.75,4,1.59,133.35,02-08-2019,15:26,Cash,6.67
756-49-0168,A,Chennai,Member,Male,Fashion accessories,19.7,1,0.99,20.69,02-08-2019,11:39,Ewallet,4.14
815-04-6282,C,Nagpur,Member,Female,Sports and travel,64.97,5,3.25,341.09,02-08-2019,12:52,Credit card,12.99
181-82-6255,B,Mumbai,Normal,Female,Home and lifestyle,16.37,6,0.82,103.13,02-08-2019,10:58,Cash,3.44
871-39-9221,C,Nagpur,Normal,Female,Electronic accessories,12.45,6,0.62,78.44,02-09-2019,13:11,Cash,2.86
130-98-8941,C,Nagpur,Normal,Male,Fashion accessories,64.26,7,3.21,472.31,02-09-2019,10:00,Cash,11.57
866-05-7563,B,Mumbai,Member,Female,Electronic accessories,81.4,3,4.07,256.41,02-09-2019,19:43,Cash,13.84
447-15-7839,A,Chennai,Member,Female,Sports and travel,22.24,10,1.11,233.52,02-09-2019,11:00,Cash,4.67
428-83-5800,C,Nagpur,Member,Female,Food and beverages,21.08,3,1.05,66.4,02-09-2019,10:25,Cash,4.43
746-19-0921,C,Nagpur,Normal,Male,Food and beverages,21.58,1,1.08,22.66,02-09-2019,10:02,Ewallet,3.45
602-80-9671,C,Nagpur,Member,Female,Home and lifestyle,15.95,6,0.8,100.49,02-09-2019,17:15,Credit card,2.71
747-58-7183,B,Mumbai,Normal,Male,Fashion accessories,57.27,3,2.86,180.4,02-09-2019,20:31,Ewallet,13.17
146-09-5432,A,Chennai,Member,Male,Food and beverages,35.04,9,1.75,331.13,02-09-2019,19:17,Ewallet,5.26
509-10-0516,B,Mumbai,Normal,Male,Home and lifestyle,45.97,4,2.3,193.07,02-09-2019,12:02,Ewallet,9.65
450-42-3339,C,Nagpur,Normal,Male,Health and beauty,84.61,10,4.23,888.41,02-09-2019,18:58,Credit card,15.23
200-40-6154,B,Mumbai,Member,Male,Home and lifestyle,65.91,6,3.3,415.23,02-09-2019,11:45,Cash,10.55
727-02-1313,A,Chennai,Member,Male,Food and beverages,31.84,1,1.59,33.43,02-09-2019,13:22,Cash,7.32
669-54-1719,B,Mumbai,Member,Male,Electronic accessories,18.93,6,0.95,119.26,02-10-2019,12:45,Credit card,2.84
162-48-8011,A,Chennai,Member,Female,Food and beverages,44.59,5,2.23,234.1,02-10-2019,15:10,Cash,8.03
838-78-4295,C,Nagpur,Normal,Female,Health and beauty,33.47,2,1.67,70.29,02-10-2019,15:43,Ewallet,7.03
695-51-0018,B,Mumbai,Normal,Female,Sports and travel,34.84,4,1.74,146.33,02-10-2019,18:36,Cash,6.62
685-64-1609,A,Chennai,Member,Female,Fashion accessories,30.14,10,1.51,316.47,02-10-2019,12:28,Ewallet,6.93
400-60-7251,A,Chennai,Normal,Male,Home and lifestyle,74.07,1,3.7,77.77,02-10-2019,12:50,Ewallet,13.33
227-07-4446,C,Nagpur,Member,Female,Electronic accessories,78.13,10,3.91,820.37,02-10-2019,20:51,Cash,16.41
378-07-7001,B,Mumbai,Member,Male,Electronic accessories,48.09,3,2.4,151.48,02-10-2019,18:23,Credit card,8.66
559-98-9873,A,Chennai,Member,Female,Fashion accessories,53.65,7,2.68,394.33,02-10-2019,12:56,Ewallet,10.19
196-01-2849,C,Nagpur,Member,Female,Fashion accessories,73.38,7,3.67,539.34,02-10-2019,13:56,Cash,14.68
448-34-8700,B,Mumbai,Member,Male,Home and lifestyle,36.91,7,1.85,271.29,02-10-2019,13:51,Ewallet,5.91
796-12-2025,C,Nagpur,Normal,Male,Fashion accessories,62.12,10,3.11,652.26,02-11-2019,16:19,Cash,14.29
284-34-9626,B,Mumbai,Normal,Female,Home and lifestyle,77.04,3,3.85,242.68,02-11-2019,10:39,Credit card,13.1
418-02-5978,B,Mumbai,Normal,Female,Health and beauty,84.09,9,4.2,794.65,02-11-2019,10:54,Cash,15.98
866-99-7614,C,Nagpur,Normal,Male,Food and beverages,89.2,10,4.46,936.6,02-11-2019,15:42,Credit card,16.95
842-40-8179,B,Mumbai,Member,Female,Food and beverages,77.2,10,3.86,810.6,02-11-2019,10:38,Credit card,13.12
534-53-3526,A,Chennai,Normal,Female,Sports and travel,94.76,4,4.74,397.99,02-11-2019,16:06,Ewallet,18.95
401-09-4232,C,Nagpur,Member,Male,Home and lifestyle,86.69,5,4.33,455.12,02-11-2019,18:38,Ewallet,13.87
531-56-4728,A,Chennai,Normal,Male,Home and lifestyle,80.08,3,4,252.25,02-11-2019,15:29,Cash,12.81
365-64-0515,A,Chennai,Normal,Female,Electronic accessories,46.95,5,2.35,246.49,02-12-2019,10:25,Ewallet,7.04
549-03-9315,B,Mumbai,Normal,Male,Fashion accessories,94.87,8,4.74,796.91,02-12-2019,12:58,Ewallet,17.08
549-03-9315,B,Mumbai,Member,Male,Home and lifestyle,60.38,10,3.02,633.99,02-12-2019,16:19,Cash,9.06
287-83-1405,A,Chennai,Normal,Male,Health and beauty,25.43,6,1.27,160.21,02-12-2019,19:01,Ewallet,5.85
641-51-2661,C,Nagpur,Member,Female,Food and beverages,87.1,10,4.36,914.55,02-12-2019,14:45,Credit card,20.03
528-87-5606,B,Mumbai,Member,Female,Electronic accessories,39.48,1,1.97,41.45,02-12-2019,19:43,Cash,7.5
373-14-0504,A,Chennai,Member,Female,Sports and travel,71.63,2,3.58,150.42,02-12-2019,14:33,Ewallet,13.61
885-56-0389,C,Nagpur,Member,Male,Fashion accessories,52.35,1,2.62,54.97,02-12-2019,17:49,Cash,12.04
885-56-0389,C,Nagpur,Normal,Female,Fashion accessories,22.51,7,1.13,165.45,2/13/2019,10:50,Credit card,4.5
151-16-1484,A,Chennai,Member,Male,Electronic accessories,32.25,4,1.61,135.45,2/13/2019,12:38,Ewallet,6.77
151-16-1484,A,Chennai,Member,Male,Electronic accessories,76.82,1,3.84,80.66,2/13/2019,18:27,Ewallet,16.13
767-54-1907,B,Mumbai,Member,Female,Fashion accessories,29.56,5,1.48,155.19,2/13/2019,16:59,Cash,4.43
173-50-1108,B,Mumbai,Member,Female,Sports and travel,20.18,4,1.01,84.76,2/13/2019,12:14,Credit card,3.63
339-18-7061,C,Nagpur,Member,Female,Fashion accessories,92.98,2,4.65,195.26,2/13/2019,15:06,Credit card,21.39
388-76-2555,B,Mumbai,Normal,Male,Sports and travel,13.69,6,0.68,86.25,2/13/2019,13:59,Cash,3.01
549-23-9016,C,Nagpur,Member,Female,Food and beverages,14.87,2,0.74,31.23,2/13/2019,18:15,Credit card,2.53
853-23-2453,B,Mumbai,Member,Male,Health and beauty,75.74,4,3.79,318.11,2/14/2019,14:35,Cash,12.12
638-60-7125,A,Chennai,Normal,Female,Electronic accessories,99.56,8,4.98,836.3,2/14/2019,17:03,Credit card,15.93
174-36-3675,C,Nagpur,Member,Male,Food and beverages,99.37,2,4.97,208.68,2/14/2019,17:29,Cash,14.91
150-89-8043,A,Chennai,Normal,Male,Sports and travel,44.65,3,2.23,140.65,2/14/2019,15:04,Cash,6.7
235-46-8343,C,Nagpur,Member,Male,Food and beverages,27.66,10,1.38,290.43,2/14/2019,11:26,Credit card,5.81
109-86-4363,B,Mumbai,Member,Female,Sports and travel,60.08,7,3,441.59,2/14/2019,11:36,Credit card,13.82
528-14-9470,A,Chennai,Member,Male,Health and beauty,91.3,1,4.57,95.87,2/14/2019,14:42,Ewallet,15.52
545-07-8534,C,Nagpur,Normal,Female,Health and beauty,58.32,2,2.92,122.47,2/14/2019,12:42,Ewallet,8.75
285-68-5083,C,Nagpur,Member,Female,Sports and travel,24.74,3,1.24,77.93,2/15/2019,17:47,Credit card,4.45
227-78-1148,B,Mumbai,Normal,Female,Fashion accessories,72.84,7,3.64,535.37,2/15/2019,12:44,Cash,10.93
394-43-4238,B,Mumbai,Member,Male,Home and lifestyle,17.77,5,0.89,93.29,2/15/2019,12:42,Credit card,2.67
136-08-6195,A,Chennai,Normal,Female,Home and lifestyle,69.96,8,3.5,587.66,2/15/2019,17:01,Credit card,11.89
372-94-8041,A,Chennai,Normal,Male,Health and beauty,15.26,6,0.76,96.14,2/15/2019,18:03,Ewallet,3.51
873-95-4984,B,Mumbai,Member,Female,Health and beauty,76.9,7,3.85,565.22,2/15/2019,20:21,Cash,11.54
860-79-0874,C,Nagpur,Member,Female,Fashion accessories,99.3,10,4.97,"1,042.65",2/15/2019,14:53,Credit card,19.86
541-89-9860,C,Nagpur,Member,Female,Fashion accessories,80.48,3,4.02,253.51,2/15/2019,12:31,Cash,16.1
710-46-4433,B,Mumbai,Member,Female,Food and beverages,77.4,9,3.87,731.43,2/15/2019,14:15,Credit card,17.8
233-34-0817,C,Nagpur,Member,Female,Electronic accessories,98.84,1,4.94,103.78,2/15/2019,11:21,Cash,22.73
246-11-3901,C,Nagpur,Normal,Female,Electronic accessories,32.8,10,1.64,344.4,2/15/2019,12:12,Cash,7.22
152-68-2907,A,Chennai,Normal,Male,Food and beverages,52.2,3,2.61,164.43,2/15/2019,13:30,Credit card,9.4
556-41-6224,C,Nagpur,Normal,Male,Health and beauty,33.64,8,1.68,282.58,2/15/2019,17:10,Credit card,7.06
305-03-2383,A,Chennai,Normal,Female,Food and beverages,67.1,3,3.36,211.37,2/15/2019,10:36,Cash,14.09
400-80-4065,C,Nagpur,Member,Male,Health and beauty,68.55,4,3.43,287.91,2/15/2019,20:21,Credit card,10.97
497-36-0989,A,Chennai,Normal,Male,Fashion accessories,51.94,3,2.6,163.61,2/15/2019,15:21,Cash,10.39
234-36-2483,B,Mumbai,Normal,Male,Health and beauty,57.59,6,2.88,362.82,2/15/2019,13:51,Cash,10.94
321-49-7382,B,Mumbai,Member,Male,Sports and travel,88.31,1,4.42,92.73,2/15/2019,17:38,Credit card,15.01
431-66-2305,B,Mumbai,Normal,Female,Electronic accessories,88.25,9,4.41,833.96,2/15/2019,20:51,Credit card,19.42
241-72-9525,B,Mumbai,Normal,Male,Sports and travel,51.91,10,2.6,545.06,2/16/2019,12:21,Cash,8.31
587-03-7455,C,Nagpur,Member,Female,Fashion accessories,97.79,7,4.89,718.76,2/16/2019,17:30,Ewallet,18.58
598-06-7312,B,Mumbai,Member,Male,Fashion accessories,91.35,1,4.57,95.92,2/16/2019,15:42,Cash,14.62
273-84-2164,C,Nagpur,Member,Male,Electronic accessories,12.05,5,0.6,63.26,2/16/2019,15:53,Ewallet,1.81
133-77-3154,B,Mumbai,Member,Male,Fashion accessories,60.18,4,3.01,252.76,2/16/2019,18:04,Credit card,11.43
408-66-6712,C,Nagpur,Member,Female,Health and beauty,47.71,6,2.39,300.57,2/16/2019,14:19,Ewallet,8.11
895-03-6665,B,Mumbai,Normal,Female,Fashion accessories,36.51,9,1.83,345.02,2/16/2019,10:52,Cash,5.48
873-14-6353,A,Chennai,Member,Male,Food and beverages,24.82,7,1.24,182.43,2/16/2019,10:33,Credit card,5.21
636-48-8204,A,Chennai,Normal,Male,Electronic accessories,34.56,5,1.73,181.44,2/17/2019,11:15,Ewallet,5.18
590-83-4591,B,Mumbai,Member,Male,Electronic accessories,87.45,6,4.37,550.94,2/17/2019,14:40,Credit card,13.99
420-11-4919,C,Nagpur,Member,Female,Food and beverages,71.39,5,3.57,374.8,2/17/2019,19:57,Credit card,14.28
389-25-3394,C,Nagpur,Normal,Male,Electronic accessories,11.81,5,0.59,62,2/17/2019,18:06,Cash,2.36
803-17-8013,A,Chennai,Member,Female,Home and lifestyle,88.79,8,4.44,745.84,2/17/2019,17:09,Cash,19.53
634-97-8956,A,Chennai,Normal,Male,Food and beverages,32.9,3,1.65,103.64,2/17/2019,17:27,Credit card,5.59
612-36-5536,A,Chennai,Member,Male,Food and beverages,80.96,8,4.05,680.06,2/17/2019,11:12,Credit card,17.81
827-77-7633,A,Chennai,Normal,Male,Sports and travel,98.09,9,4.9,926.95,2/17/2019,19:41,Cash,22.56
123-35-4896,C,Nagpur,Normal,Female,Sports and travel,46.66,9,2.33,440.94,2/17/2019,19:11,Ewallet,9.8
788-21-5741,A,Chennai,Normal,Male,Fashion accessories,45.38,3,2.27,142.95,2/17/2019,13:34,Credit card,7.26
785-96-0615,B,Mumbai,Member,Female,Electronic accessories,35.74,8,1.79,300.22,2/17/2019,15:28,Ewallet,6.79
201-63-8275,C,Nagpur,Member,Female,Sports and travel,67.99,7,3.4,499.73,2/17/2019,16:50,Ewallet,10.88
131-70-8179,A,Chennai,Member,Female,Health and beauty,92.09,3,4.6,290.08,2/17/2019,16:27,Cash,15.66
597-78-7908,C,Nagpur,Normal,Male,Fashion accessories,90.22,3,4.51,284.19,2/18/2019,19:39,Cash,17.14
354-39-5160,A,Chennai,Member,Female,Home and lifestyle,34.42,6,1.72,216.85,2/18/2019,15:39,Cash,7.92
278-97-7759,A,Chennai,Member,Female,Electronic accessories,62.48,1,3.12,65.6,2/18/2019,20:29,Cash,11.87
787-15-1757,C,Nagpur,Member,Male,Health and beauty,44.07,4,2.2,185.09,2/18/2019,16:28,Ewallet,10.14
764-44-8999,B,Mumbai,Normal,Female,Health and beauty,14.76,2,0.74,31,2/18/2019,14:42,Ewallet,2.21
652-49-6720,C,Nagpur,Member,Female,Electronic accessories,60.95,1,3.05,64,2/18/2019,11:40,Ewallet,10.97
849-09-3807,A,Chennai,Member,Female,Fashion accessories,88.34,7,4.42,649.3,2/18/2019,13:28,Cash,20.32
272-27-9238,C,Nagpur,Normal,Female,Food and beverages,41.24,4,2.06,173.21,2/19/2019,16:23,Cash,6.6
752-23-3760,B,Mumbai,Member,Female,Sports and travel,64.08,7,3.2,470.99,2/19/2019,19:29,Credit card,9.61
868-06-0466,A,Chennai,Member,Male,Electronic accessories,69.58,9,3.48,657.53,2/19/2019,19:38,Credit card,11.83
183-21-3799,C,Nagpur,Normal,Female,Electronic accessories,77.63,9,3.88,733.6,2/19/2019,15:14,Ewallet,17.85
629-42-4133,C,Nagpur,Normal,Male,Health and beauty,21.8,8,1.09,183.12,2/19/2019,19:24,Cash,3.27
886-77-9084,C,Nagpur,Normal,Male,Electronic accessories,71.89,8,3.59,603.88,2/19/2019,11:33,Ewallet,12.94
409-33-9708,A,Chennai,Normal,Female,Fashion accessories,98.48,2,4.92,206.81,2/19/2019,10:12,Ewallet,18.71
449-16-6770,A,Chennai,Normal,Male,Health and beauty,50.79,5,2.54,266.65,2/19/2019,14:53,Credit card,7.62
384-59-6655,A,Chennai,Member,Female,Food and beverages,98.66,9,4.93,932.34,2/19/2019,15:07,Cash,17.76
692-92-5582,B,Mumbai,Member,Female,Food and beverages,54.84,3,2.74,172.75,2/20/2019,13:27,Credit card,11.52
782-95-9291,A,Chennai,Member,Male,Food and beverages,92.29,5,4.61,484.52,2/20/2019,15:55,Credit card,21.23
548-46-9322,B,Mumbai,Normal,Male,Food and beverages,39.9,10,2,418.95,2/20/2019,15:24,Credit card,6.78
548-46-9322,B,Mumbai,Normal,Male,Health and beauty,66.68,5,3.33,350.07,2/20/2019,18:01,Cash,10.67
725-56-0833,A,Chennai,Normal,Female,Health and beauty,32.32,10,1.62,339.36,2/20/2019,16:49,Credit card,5.49
458-61-0011,B,Mumbai,Normal,Male,Food and beverages,60.3,4,3.02,253.26,2/20/2019,18:43,Cash,10.85
779-42-2410,B,Mumbai,Member,Male,Food and beverages,57.74,3,2.89,181.88,2/20/2019,13:06,Ewallet,10.39
546-80-2899,A,Chennai,Member,Male,Home and lifestyle,37.69,2,1.88,79.15,2/20/2019,15:29,Ewallet,8.67
848-95-6252,C,Nagpur,Member,Female,Home and lifestyle,86.27,1,4.31,90.58,2/20/2019,13:24,Ewallet,12.94
311-13-6971,B,Mumbai,Member,Male,Sports and travel,31.99,10,1.6,335.9,2/20/2019,15:18,Credit card,6.08
311-13-6971,A,Chennai,Member,Female,Electronic accessories,94.64,3,4.73,298.12,2/21/2019,16:55,Cash,20.82
279-62-1445,C,Nagpur,Member,Female,Fashion accessories,12.54,1,0.63,13.17,2/21/2019,12:38,Cash,2.51
269-04-5750,B,Mumbai,Member,Male,Fashion accessories,73.82,4,3.69,310.04,2/21/2019,18:31,Cash,13.29
714-02-3114,C,Nagpur,Normal,Female,Sports and travel,98.8,2,4.94,207.48,2/21/2019,11:39,Cash,22.72
714-02-3114,C,Nagpur,Normal,Female,Health and beauty,83.66,5,4.18,439.22,2/21/2019,10:26,Cash,15.06
503-21-4385,B,Mumbai,Member,Male,Health and beauty,39.91,3,2,125.72,2/21/2019,12:40,Ewallet,8.38
488-25-4221,C,Nagpur,Member,Female,Food and beverages,30.41,1,1.52,31.93,2/22/2019,10:36,Credit card,5.47
743-88-1662,C,Nagpur,Normal,Male,Sports and travel,95.49,7,4.77,701.85,2/22/2019,18:17,Ewallet,21.01
831-64-0259,B,Mumbai,Normal,Female,Fashion accessories,39.75,5,1.99,208.69,2/22/2019,10:43,Ewallet,7.16
837-55-7229,B,Mumbai,Normal,Female,Fashion accessories,47.44,1,2.37,49.81,2/22/2019,18:19,Credit card,10.91
582-52-8065,B,Mumbai,Normal,Female,Fashion accessories,54.31,9,2.72,513.23,2/22/2019,10:49,Cash,8.69
807-14-7833,A,Chennai,Member,Female,Electronic accessories,17.42,10,0.87,182.91,2/22/2019,12:30,Ewallet,4.01
864-24-7918,A,Chennai,Member,Female,Sports and travel,24.49,10,1.22,257.15,2/22/2019,15:15,Cash,4.65
777-67-2495,B,Mumbai,Normal,Male,Home and lifestyle,68.97,3,3.45,217.26,2/22/2019,11:26,Ewallet,13.79
838-02-1821,C,Nagpur,Member,Female,Home and lifestyle,12.73,2,0.64,26.73,2/22/2019,12:10,Credit card,2.93
690-01-6631,B,Mumbai,Normal,Male,Fashion accessories,17.49,10,0.87,183.65,2/22/2019,18:35,Ewallet,4.02
347-56-2442,A,Chennai,Normal,Male,Home and lifestyle,65.82,1,3.29,69.11,2/22/2019,15:33,Cash,12.51
787-56-0757,C,Nagpur,Member,Female,Food and beverages,80.36,4,4.02,337.51,2/23/2019,18:45,Credit card,16.88
396-90-2219,B,Mumbai,Normal,Female,Electronic accessories,14.96,8,0.75,125.66,2/23/2019,12:29,Cash,2.24
729-46-7422,C,Nagpur,Normal,Male,Food and beverages,35.89,1,1.79,37.68,2/23/2019,16:52,Credit card,5.38
503-07-0930,C,Nagpur,Member,Male,Sports and travel,58.39,7,2.92,429.17,2/23/2019,19:49,Credit card,12.26
695-09-5146,B,Mumbai,Member,Female,Food and beverages,98.79,3,4.94,311.19,2/23/2019,20:00,Ewallet,17.78
190-14-3147,B,Mumbai,Normal,Female,Health and beauty,17.97,4,0.9,75.47,2/23/2019,20:43,Ewallet,3.77
274-05-5470,A,Chennai,Member,Female,Food and beverages,73.47,4,3.67,308.57,2/23/2019,18:30,Cash,11.02
831-81-6575,B,Mumbai,Member,Female,Electronic accessories,75.59,9,3.78,714.33,2/23/2019,11:12,Cash,15.87
315-22-5665,C,Nagpur,Normal,Female,Home and lifestyle,73.56,10,3.68,772.38,2/24/2019,11:38,Ewallet,15.45
803-83-5989,C,Nagpur,Normal,Male,Home and lifestyle,55.73,6,2.79,351.1,2/24/2019,10:55,Ewallet,10.03
692-27-8933,B,Mumbai,Normal,Female,Sports and travel,57.95,6,2.9,365.09,2/24/2019,13:02,Cash,12.75
740-11-5257,C,Nagpur,Normal,Male,Electronic accessories,24.74,10,1.24,259.77,2/24/2019,16:44,Cash,5.2
242-11-3142,B,Mumbai,Member,Male,Fashion accessories,83.77,2,4.19,175.92,2/24/2019,19:57,Cash,15.92
516-77-6464,C,Nagpur,Member,Female,Health and beauty,10.16,5,0.51,53.34,2/24/2019,13:08,Ewallet,1.73
380-60-5336,A,Chennai,Normal,Female,Electronic accessories,40.26,10,2.01,422.73,2/24/2019,18:06,Credit card,8.05
186-43-8965,A,Chennai,Member,Female,Home and lifestyle,47.68,2,2.38,100.13,2/24/2019,10:10,Credit card,7.63
365-16-4334,B,Mumbai,Normal,Female,Food and beverages,26.43,8,1.32,222.01,2/24/2019,14:26,Ewallet,3.96
355-53-5943,A,Chennai,Member,Female,Electronic accessories,68.84,6,3.44,433.69,2/25/2019,14:36,Ewallet,10.33
300-71-4605,C,Nagpur,Member,Male,Electronic accessories,86.04,5,4.3,451.71,2/25/2019,11:24,Ewallet,16.35
871-79-8483,B,Mumbai,Normal,Male,Fashion accessories,94.13,5,4.71,494.18,2/25/2019,19:39,Credit card,21.65
275-28-0149,A,Chennai,Normal,Male,Sports and travel,63.69,1,3.18,66.87,2/25/2019,16:21,Cash,14.01
505-02-0892,B,Mumbai,Member,Male,Health and beauty,42.57,8,2.13,357.59,2/25/2019,14:12,Ewallet,8.09
735-06-4124,C,Nagpur,Normal,Male,Food and beverages,48.61,1,2.43,51.04,2/25/2019,15:31,Cash,8.26
502-05-1910,A,Chennai,Normal,Male,Health and beauty,65.18,3,3.26,205.32,2/25/2019,20:35,Credit card,13.69
511-54-3087,B,Mumbai,Normal,Male,Sports and travel,88.45,1,4.42,92.87,2/25/2019,16:36,Credit card,17.69
719-89-8991,A,Chennai,Member,Female,Sports and travel,91.41,5,4.57,479.9,2/25/2019,16:03,Ewallet,19.2
308-81-0538,A,Chennai,Normal,Female,Fashion accessories,73.05,4,3.65,306.81,2/25/2019,17:16,Credit card,12.42
834-83-1826,B,Mumbai,Member,Female,Home and lifestyle,82.04,5,4.1,430.71,2/25/2019,17:16,Credit card,18.87
636-17-0325,B,Mumbai,Normal,Male,Health and beauty,62.57,4,3.13,262.79,2/25/2019,18:37,Cash,13.14
636-17-0325,B,Mumbai,Normal,Female,Electronic accessories,52.79,10,2.64,554.3,2/25/2019,11:58,Ewallet,10.56
608-05-3804,B,Mumbai,Member,Male,Electronic accessories,39.75,1,1.99,41.74,2/25/2019,20:19,Cash,7.55
459-45-2396,A,Chennai,Member,Female,Food and beverages,99.6,3,4.98,313.74,2/25/2019,18:45,Cash,17.93
574-80-1489,B,Mumbai,Member,Female,Food and beverages,62.85,4,3.14,263.97,2/25/2019,13:22,Ewallet,12.57
466-61-5506,B,Mumbai,Member,Female,Electronic accessories,90.7,6,4.54,571.41,2/26/2019,10:52,Cash,17.23
154-74-7179,B,Mumbai,Normal,Male,Sports and travel,54.45,1,2.72,57.17,2/26/2019,19:24,Ewallet,10.35
477-24-6490,B,Mumbai,Normal,Female,Health and beauty,99.71,6,4.99,628.17,2/26/2019,16:52,Ewallet,14.96
649-11-3678,C,Nagpur,Normal,Female,Food and beverages,22.93,9,1.15,216.69,2/26/2019,20:26,Cash,4.82
437-53-3084,B,Mumbai,Normal,Male,Fashion accessories,99.89,2,4.99,209.77,2/26/2019,11:48,Ewallet,20.98
491-38-3499,A,Chennai,Member,Male,Fashion accessories,55.45,1,2.77,58.22,2/26/2019,17:46,Credit card,10.54
707-32-7409,B,Mumbai,Member,Female,Sports and travel,95.54,4,4.78,401.27,2/26/2019,11:58,Ewallet,21.97
702-72-0487,A,Chennai,Normal,Female,Electronic accessories,46.61,2,2.33,97.88,2/26/2019,12:28,Credit card,8.86
518-71-6847,B,Mumbai,Member,Male,Food and beverages,26.6,6,1.33,167.58,2/26/2019,15:10,Ewallet,4.52
370-41-7321,B,Mumbai,Member,Male,Health and beauty,56.69,9,2.83,535.72,2/27/2019,17:24,Credit card,11.9
318-68-5053,B,Mumbai,Normal,Female,Health and beauty,76.99,6,3.85,485.04,2/27/2019,17:55,Cash,14.63
135-84-8019,A,Chennai,Normal,Female,Fashion accessories,77.93,9,3.9,736.44,2/27/2019,16:10,Ewallet,12.47
400-45-1220,B,Mumbai,Normal,Female,Health and beauty,13.5,10,0.68,141.75,2/27/2019,11:06,Credit card,2.3
605-72-4132,C,Nagpur,Normal,Female,Food and beverages,94.47,8,4.72,793.55,2/27/2019,15:12,Cash,21.73
741-73-3559,B,Mumbai,Normal,Male,Sports and travel,67.27,5,3.36,353.17,2/27/2019,17:27,Cash,10.76
741-73-3559,B,Mumbai,Normal,Male,Fashion accessories,52.42,3,2.62,165.12,2/27/2019,17:36,Ewallet,9.96
250-81-7186,C,Nagpur,Normal,Female,Electronic accessories,99.69,1,4.98,104.67,2/27/2019,10:23,Credit card,15.95
105-10-6182,A,Chennai,Member,Male,Fashion accessories,21.48,2,1.07,45.11,2/27/2019,12:22,Ewallet,3.44
191-29-0321,B,Mumbai,Member,Female,Fashion accessories,19.77,10,0.99,207.59,2/27/2019,18:57,Credit card,3.95
250-17-5703,A,Chennai,Member,Male,Food and beverages,18.85,10,0.94,197.93,2/27/2019,18:24,Ewallet,3.96
759-98-4285,C,Nagpur,Member,Female,Health and beauty,85.87,7,4.29,631.14,2/27/2019,19:01,Credit card,14.6
263-12-5321,A,Chennai,Member,Male,Electronic accessories,92.6,7,4.63,680.61,2/27/2019,12:52,Credit card,18.52
243-55-8457,A,Chennai,Normal,Female,Food and beverages,74.44,10,3.72,781.62,2/27/2019,11:40,Ewallet,16.38
399-46-5918,C,Nagpur,Normal,Female,Electronic accessories,85.98,8,4.3,722.23,2/28/2019,19:01,Cash,17.2
142-72-4741,C,Nagpur,Member,Male,Fashion accessories,93.2,2,4.66,195.72,2/28/2019,18:37,Credit card,13.98
709-58-4068,B,Mumbai,Normal,Female,Fashion accessories,41.09,10,2.05,431.45,2/28/2019,14:42,Cash,8.22
786-94-2700,A,Chennai,Member,Male,Food and beverages,80.62,6,4.03,507.91,2/28/2019,20:18,Cash,15.32
635-28-5728,A,Chennai,Normal,Male,Health and beauty,56,3,2.8,176.4,2/28/2019,19:33,Ewallet,11.76
291-59-1384,B,Mumbai,Normal,Male,Electronic accessories,60.3,1,3.02,63.32,2/28/2019,17:38,Cash,10.85
189-98-2939,C,Nagpur,Normal,Male,Fashion accessories,78.55,9,3.93,742.3,03-01-2019,13:22,Cash,18.07
453-63-6187,B,Mumbai,Normal,Male,Electronic accessories,27.5,3,1.38,86.63,03-01-2019,15:40,Ewallet,6.33
153-58-4872,C,Nagpur,Member,Female,Food and beverages,74.89,4,3.74,314.54,03-01-2019,15:32,Ewallet,17.22
220-28-1851,A,Chennai,Normal,Male,Home and lifestyle,34.73,2,1.74,72.93,03-01-2019,18:14,Ewallet,7.29
339-96-8318,B,Mumbai,Member,Male,Fashion accessories,81.31,7,4.07,597.63,03-01-2019,19:49,Ewallet,13.82
207-73-1363,B,Mumbai,Normal,Male,Health and beauty,69.51,2,3.48,145.97,03-01-2019,12:15,Ewallet,11.82
470-31-3286,B,Mumbai,Normal,Male,Health and beauty,14.82,3,0.74,46.68,03-01-2019,11:30,Credit card,3.11
811-03-8790,A,Chennai,Normal,Female,Electronic accessories,45.48,10,2.27,477.54,03-01-2019,10:22,Credit card,7.28
247-11-2470,A,Chennai,Member,Female,Fashion accessories,22.32,4,1.12,93.74,03-01-2019,16:23,Credit card,5.13
238-45-6950,B,Mumbai,Member,Male,Food and beverages,53.72,1,2.69,56.41,03-01-2019,20:03,Ewallet,9.67
549-59-1358,A,Chennai,Member,Male,Sports and travel,88.63,3,4.43,279.18,03-02-2019,17:36,Ewallet,15.95
225-98-1496,C,Nagpur,Normal,Female,Fashion accessories,27.02,3,1.35,85.11,03-02-2019,13:01,Credit card,5.4
817-69-8206,B,Mumbai,Normal,Female,Electronic accessories,99.73,9,4.99,942.45,03-02-2019,19:42,Credit card,19.95
346-84-3103,B,Mumbai,Member,Female,Electronic accessories,13.22,5,0.66,69.41,03-02-2019,19:26,Cash,3.04
883-17-4236,C,Nagpur,Normal,Female,Sports and travel,14.39,2,0.72,30.22,03-02-2019,19:44,Credit card,2.88
565-67-6697,B,Mumbai,Member,Male,Home and lifestyle,27,9,1.35,255.15,03-02-2019,14:16,Cash,6.21
878-30-2331,C,Nagpur,Member,Female,Sports and travel,54.55,10,2.73,572.78,03-02-2019,11:22,Credit card,12.55
408-26-9866,C,Nagpur,Normal,Female,Sports and travel,73.98,7,3.7,543.75,03-02-2019,16:42,Ewallet,14.8
576-31-4774,B,Mumbai,Normal,Female,Health and beauty,73.41,3,3.67,231.24,03-02-2019,13:10,Ewallet,11.01
640-48-5028,B,Mumbai,Member,Female,Home and lifestyle,88.39,9,4.42,835.29,03-02-2019,12:40,Cash,13.26
860-73-6466,A,Chennai,Member,Female,Sports and travel,39.47,2,1.97,82.89,03-02-2019,16:16,Credit card,6.71
607-76-6216,C,Nagpur,Member,Female,Fashion accessories,92.49,5,4.62,485.57,03-02-2019,16:35,Credit card,18.5
725-54-0677,C,Nagpur,Member,Male,Health and beauty,85.6,7,4.28,629.16,03-02-2019,13:50,Cash,15.41
636-98-3364,B,Mumbai,Member,Female,Electronic accessories,26.26,3,1.31,82.72,03-02-2019,12:36,Ewallet,4.46
825-94-5922,B,Mumbai,Normal,Male,Sports and travel,25.31,2,1.27,53.15,03-02-2019,19:26,Ewallet,5.82
720-72-2436,A,Chennai,Normal,Male,Food and beverages,66.52,4,3.33,279.38,03-02-2019,18:14,Ewallet,13.97
172-42-8274,B,Mumbai,Normal,Female,Electronic accessories,38.27,2,1.91,80.37,03-02-2019,18:18,Credit card,7.65
172-42-8274,B,Mumbai,Normal,Female,Home and lifestyle,97.38,10,4.87,"1,022.49",03-02-2019,17:16,Ewallet,18.5
631-41-3108,A,Chennai,Normal,Male,Home and lifestyle,46.33,7,2.32,340.53,03-03-2019,13:23,Credit card,9.73
777-82-7220,B,Mumbai,Member,Male,Home and lifestyle,30.12,8,1.51,253.01,03-03-2019,13:01,Cash,5.72
861-77-0145,C,Nagpur,Member,Male,Electronic accessories,81.97,10,4.1,860.69,03-03-2019,14:30,Cash,17.21
861-77-0145,C,Nagpur,Normal,Male,Electronic accessories,20.85,8,1.04,175.14,03-03-2019,19:17,Cash,4.59
175-54-2529,A,Chennai,Member,Male,Food and beverages,22.17,8,1.11,186.23,03-03-2019,17:01,Credit card,4.88
305-14-0245,B,Mumbai,Member,Female,Home and lifestyle,94.49,8,4.72,793.72,03-03-2019,19:00,Ewallet,15.12
211-05-0490,C,Nagpur,Member,Female,Electronic accessories,51.92,5,2.6,272.58,03-03-2019,13:42,Cash,8.31
568-88-3448,A,Chennai,Normal,Male,Health and beauty,25,1,1.25,26.25,03-03-2019,15:09,Ewallet,5
234-03-4040,B,Mumbai,Member,Female,Food and beverages,73.05,10,3.65,767.03,03-03-2019,12:25,Credit card,13.88
302-15-2162,C,Nagpur,Member,Male,Health and beauty,46.53,6,2.33,293.14,03-03-2019,10:54,Credit card,8.38
610-46-4100,A,Chennai,Normal,Male,Health and beauty,28.95,7,1.45,212.78,03-03-2019,20:31,Credit card,5.5
468-99-7231,C,Nagpur,Normal,Female,Home and lifestyle,44.01,8,2.2,369.68,03-03-2019,17:36,Cash,8.8
651-96-5970,A,Chennai,Normal,Male,Fashion accessories,46.41,1,2.32,48.73,03-03-2019,20:06,Credit card,10.21
324-41-6833,C,Nagpur,Member,Female,Electronic accessories,30.2,8,1.51,253.68,03-03-2019,19:30,Ewallet,6.64
228-96-1411,C,Nagpur,Member,Female,Food and beverages,98.7,8,4.94,829.08,03-04-2019,20:39,Cash,14.81
586-25-0848,A,Chennai,Normal,Female,Sports and travel,12.34,7,0.62,90.7,03-04-2019,11:19,Credit card,2.34
667-92-0055,A,Chennai,Member,Male,Health and beauty,99.83,6,4.99,628.93,03-04-2019,15:02,Ewallet,16.97
320-49-6392,C,Nagpur,Normal,Female,Electronic accessories,30.24,1,1.51,31.75,03-04-2019,15:44,Cash,5.75
346-12-3257,B,Mumbai,Member,Male,Electronic accessories,19.24,9,0.96,181.82,03-04-2019,16:28,Cash,3.85
256-08-8343,A,Chennai,Normal,Female,Home and lifestyle,56.53,4,2.83,237.43,03-04-2019,19:48,Ewallet,9.04
227-50-3718,A,Chennai,Normal,Male,Health and beauty,14.62,5,0.73,76.76,03-04-2019,12:23,Cash,3.22
689-05-1884,A,Chennai,Member,Male,Health and beauty,48.63,10,2.43,510.62,03-04-2019,12:44,Cash,10.21
759-29-9521,A,Chennai,Member,Female,Fashion accessories,48.96,9,2.45,462.67,03-04-2019,11:27,Cash,9.3
276-75-6884,A,Chennai,Normal,Female,Health and beauty,68.71,3,3.44,216.44,03-04-2019,10:05,Cash,13.05
276-75-6884,A,Chennai,Normal,Female,Home and lifestyle,33.3,9,1.67,314.69,03-04-2019,15:27,Ewallet,7.66
221-25-5073,A,Chennai,Normal,Female,Food and beverages,74.66,4,3.73,313.57,03-04-2019,10:39,Cash,11.2
371-85-5789,B,Mumbai,Normal,Male,Health and beauty,87.98,3,4.4,277.14,03-05-2019,10:40,Ewallet,20.24
510-95-6347,B,Mumbai,Member,Female,Food and beverages,48.52,3,2.43,152.84,03-05-2019,18:17,Ewallet,8.25
829-49-1914,C,Nagpur,Member,Female,Food and beverages,78.31,10,3.92,822.26,03-05-2019,16:24,Ewallet,18.01
730-50-9884,C,Nagpur,Normal,Female,Sports and travel,83.06,7,4.15,610.49,03-05-2019,14:31,Ewallet,14.95
733-01-9107,B,Mumbai,Normal,Male,Home and lifestyle,82.7,6,4.14,521.01,03-05-2019,18:14,Cash,19.02
291-32-1427,B,Mumbai,Member,Male,Fashion accessories,21.94,5,1.1,115.19,03-05-2019,12:29,Ewallet,4.61
895-66-0685,B,Mumbai,Member,Male,Food and beverages,18.08,3,0.9,56.95,03-05-2019,19:46,Ewallet,3.62
755-12-3214,C,Nagpur,Member,Female,Fashion accessories,44.22,5,2.21,232.16,03-05-2019,17:07,Credit card,7.08
848-42-2560,A,Chennai,Normal,Female,Fashion accessories,81.91,2,4.1,172.01,03-05-2019,17:43,Cash,12.29
433-75-6987,B,Mumbai,Member,Female,Health and beauty,55.97,7,2.8,411.38,03-05-2019,19:06,Ewallet,10.07
793-10-3222,B,Mumbai,Member,Female,Health and beauty,41.06,6,2.05,258.68,03-05-2019,13:30,Credit card,7.39
608-04-3797,B,Mumbai,Member,Female,Health and beauty,25.32,8,1.27,212.69,03-05-2019,20:24,Ewallet,3.8
148-82-2527,C,Nagpur,Member,Female,Home and lifestyle,12.12,10,0.61,127.26,03-05-2019,13:44,Credit card,1.82
655-07-2265,A,Chennai,Normal,Male,Electronic accessories,78.31,3,3.92,246.68,03-05-2019,16:38,Ewallet,16.45
174-64-0215,B,Mumbai,Normal,Male,Sports and travel,69.74,10,3.49,732.27,03-05-2019,17:49,Credit card,15.34
174-64-0215,B,Mumbai,Normal,Female,Home and lifestyle,95.46,8,4.77,801.86,03-05-2019,19:40,Ewallet,16.23
102-77-2261,C,Nagpur,Member,Male,Health and beauty,65.31,7,3.27,480.03,03-05-2019,18:02,Credit card,15.02
199-75-8169,A,Chennai,Member,Male,Sports and travel,15.81,10,0.79,166.01,03-06-2019,12:27,Credit card,3.48
802-70-5316,A,Chennai,Member,Female,Sports and travel,92.13,6,4.61,580.42,03-06-2019,20:34,Cash,17.5
262-47-2794,B,Mumbai,Member,Male,Home and lifestyle,71.86,8,3.59,603.62,03-06-2019,15:07,Credit card,15.09
468-01-2051,B,Mumbai,Normal,Male,Food and beverages,62.08,7,3.1,456.29,03-06-2019,13:46,Ewallet,11.8
783-09-1637,B,Mumbai,Normal,Female,Sports and travel,67.43,5,3.37,354.01,03-06-2019,18:13,Ewallet,15.51
523-38-0215,C,Nagpur,Normal,Male,Home and lifestyle,37,1,1.85,38.85,03-06-2019,13:29,Credit card,8.14
254-31-0042,A,Chennai,Member,Male,Electronic accessories,21.5,9,1.08,203.18,03-06-2019,12:46,Credit card,3.23
885-17-6250,A,Chennai,Normal,Female,Health and beauty,79.74,1,3.99,83.73,03-06-2019,10:36,Ewallet,17.54
149-15-7606,B,Mumbai,Member,Male,Sports and travel,37.32,9,1.87,352.67,03-06-2019,15:31,Ewallet,7.46
715-20-1673,B,Mumbai,Normal,Male,Electronic accessories,28.38,5,1.42,149,03-06-2019,20:57,Cash,5.68
883-69-1285,B,Mumbai,Member,Male,Fashion accessories,49.92,2,2.5,104.83,03-06-2019,11:55,Credit card,9.98
242-55-6721,B,Mumbai,Normal,Male,Home and lifestyle,16.16,2,0.81,33.94,03-07-2019,11:49,Ewallet,3.72
307-85-2293,B,Mumbai,Normal,Male,Home and lifestyle,50.28,5,2.51,263.97,03-07-2019,13:58,Ewallet,11.06
821-07-3596,C,Nagpur,Normal,Female,Fashion accessories,16.45,4,0.82,69.09,03-07-2019,14:53,Ewallet,3.62
423-64-4619,A,Chennai,Member,Female,Health and beauty,15.55,9,0.78,146.95,03-07-2019,13:12,Cash,2.64
471-41-2823,C,Nagpur,Normal,Male,Food and beverages,99.79,2,4.99,209.56,03-07-2019,20:37,Ewallet,19.96
598-47-9715,C,Nagpur,Normal,Male,Electronic accessories,84.07,4,4.2,353.09,03-07-2019,16:54,Ewallet,13.45
643-38-7867,A,Chennai,Normal,Male,Home and lifestyle,97.94,1,4.9,102.84,03-07-2019,11:44,Ewallet,16.65
399-69-4630,C,Nagpur,Normal,Male,Electronic accessories,22.21,6,1.11,139.92,03-07-2019,10:23,Credit card,3.78
748-45-2862,A,Chennai,Member,Female,Home and lifestyle,28.31,4,1.42,118.9,03-07-2019,18:35,Cash,6.51
226-31-3081,C,Nagpur,Normal,Female,Electronic accessories,15.28,5,0.76,80.22,03-08-2019,10:29,Cash,2.29
594-34-4444,A,Chennai,Normal,Male,Electronic accessories,97.16,1,4.86,102.02,03-08-2019,20:38,Ewallet,17.49
483-71-1164,C,Nagpur,Normal,Female,Health and beauty,81.3,6,4.07,512.19,03-08-2019,16:43,Ewallet,17.07
458-41-1477,C,Nagpur,Normal,Female,Health and beauty,46.26,6,2.31,291.44,03-08-2019,17:11,Credit card,7.4
563-91-7120,A,Chennai,Normal,Female,Fashion accessories,61.77,5,3.09,324.29,03-08-2019,13:21,Cash,13.59
632-90-0281,C,Nagpur,Normal,Female,Fashion accessories,37.55,10,1.88,394.28,03-08-2019,20:01,Credit card,6.76
325-77-6186,A,Chennai,Member,Female,Home and lifestyle,90.65,10,4.53,951.83,03-08-2019,10:53,Ewallet,17.22
574-57-9721,C,Nagpur,Normal,Male,Food and beverages,43.27,2,2.16,90.87,03-08-2019,16:53,Ewallet,9.52
345-08-4992,A,Chennai,Normal,Male,Home and lifestyle,33.99,6,1.7,214.14,03-08-2019,15:37,Credit card,5.78
549-96-4200,C,Nagpur,Member,Male,Food and beverages,17.04,4,0.85,71.57,03-08-2019,20:15,Ewallet,3.92
364-33-8584,B,Mumbai,Member,Female,Food and beverages,17.63,5,0.88,92.56,03-08-2019,15:27,Cash,2.82
529-56-3974,B,Mumbai,Member,Male,Electronic accessories,25.51,4,1.28,107.14,03-09-2019,17:03,Cash,4.34
132-32-9879,B,Mumbai,Member,Female,Electronic accessories,93.96,4,4.7,394.63,03-09-2019,18:00,Cash,14.09
841-35-6630,C,Nagpur,Normal,Female,Electronic accessories,75.91,6,3.8,478.23,03-09-2019,18:21,Cash,16.7
841-35-6630,C,Nagpur,Member,Male,Sports and travel,48.91,5,2.45,256.78,03-09-2019,10:17,Cash,10.27
219-22-9386,B,Mumbai,Member,Male,Sports and travel,99.96,9,5,944.62,03-09-2019,17:26,Credit card,16.99
268-27-6179,B,Mumbai,Member,Female,Fashion accessories,56.47,8,2.82,474.35,03-09-2019,14:57,Ewallet,10.16
157-13-5295,A,Chennai,Member,Male,Health and beauty,51.94,10,2.6,545.37,03-09-2019,18:24,Ewallet,7.79
815-11-1168,A,Chennai,Member,Male,Food and beverages,99.78,5,4.99,523.85,03-09-2019,19:09,Cash,17.96
308-47-4913,A,Chennai,Member,Female,Sports and travel,52.26,10,2.61,548.73,03-09-2019,12:45,Credit card,8.88
489-64-4354,C,Nagpur,Normal,Male,Fashion accessories,16.28,1,0.81,17.09,03-09-2019,15:36,Cash,2.44
616-87-0016,B,Mumbai,Normal,Male,Fashion accessories,95.54,7,4.78,702.22,03-09-2019,14:36,Credit card,19.11
127-47-6963,A,Chennai,Normal,Male,Health and beauty,51.71,4,2.59,217.18,03-09-2019,13:53,Credit card,9.82
277-35-5865,C,Nagpur,Member,Female,Food and beverages,98.97,9,4.95,935.27,03-09-2019,11:23,Cash,21.77
816-57-2053,A,Chennai,Normal,Male,Sports and travel,60.87,2,3.04,127.83,03-09-2019,12:37,Ewallet,10.35
299-29-0180,B,Mumbai,Member,Female,Home and lifestyle,52.18,7,2.61,383.52,03-09-2019,10:54,Cash,10.44
652-43-6591,A,Chennai,Normal,Female,Fashion accessories,97.29,8,4.86,817.24,03-09-2019,13:18,Credit card,15.57
189-17-4241,A,Chennai,Normal,Female,Fashion accessories,87.67,2,4.38,184.11,03-10-2019,12:17,Credit card,14.03
129-29-8530,A,Chennai,Member,Male,Sports and travel,62.62,5,3.13,328.76,03-10-2019,19:15,Ewallet,13.78
668-90-8900,A,Chennai,Normal,Female,Home and lifestyle,93.69,7,4.68,688.62,03-10-2019,18:44,Credit card,15.93
790-29-1172,B,Mumbai,Normal,Female,Food and beverages,57.34,3,2.87,180.62,03-10-2019,18:59,Credit card,8.6
596-42-3999,B,Mumbai,Normal,Male,Food and beverages,18.22,7,0.91,133.92,03-10-2019,14:04,Credit card,4.01
696-90-2548,A,Chennai,Normal,Male,Sports and travel,25.84,3,1.29,81.4,03-10-2019,18:55,Ewallet,5.17
453-12-7053,C,Nagpur,Normal,Male,Fashion accessories,45.74,3,2.29,144.08,03-10-2019,17:38,Credit card,9.61
239-48-4278,A,Chennai,Member,Male,Food and beverages,10.13,7,0.51,74.46,03-10-2019,19:35,Ewallet,2.23
607-65-2441,C,Nagpur,Member,Male,Health and beauty,81.95,10,4.1,860.48,03-10-2019,12:39,Credit card,17.21
246-55-6923,C,Nagpur,Member,Female,Home and lifestyle,35.79,9,1.79,338.22,03-10-2019,15:06,Credit card,6.44
156-20-0370,B,Mumbai,Normal,Female,Electronic accessories,25.45,1,1.27,26.72,03-10-2019,18:10,Credit card,4.84
745-74-0715,A,Chennai,Normal,Male,Electronic accessories,58.03,2,2.9,121.86,03-10-2019,20:46,Ewallet,12.19
656-95-9349,A,Chennai,Member,Female,Health and beauty,68.93,7,3.45,506.64,03-11-2019,11:03,Credit card,12.41
319-50-3348,B,Mumbai,Normal,Female,Home and lifestyle,40.3,2,2.02,84.63,03-11-2019,15:30,Ewallet,8.06
584-86-7256,C,Nagpur,Member,Male,Sports and travel,34.56,7,1.73,254.02,03-11-2019,16:07,Credit card,7.6
891-58-8335,B,Mumbai,Member,Female,Sports and travel,29.61,7,1.48,217.63,03-11-2019,15:53,Cash,4.44
721-86-6247,A,Chennai,Normal,Female,Home and lifestyle,63.42,8,3.17,532.73,03-11-2019,12:55,Ewallet,12.05
448-81-5016,A,Chennai,Normal,Male,Health and beauty,59.77,2,2.99,125.52,03-11-2019,12:01,Credit card,11.95
704-20-4138,C,Nagpur,Member,Female,Health and beauty,29.67,7,1.48,218.07,03-11-2019,18:58,Credit card,5.93
689-16-9784,C,Nagpur,Normal,Male,Food and beverages,46.77,6,2.34,294.65,03-11-2019,13:37,Cash,10.76
892-05-6689,A,Chennai,Normal,Female,Home and lifestyle,28.32,5,1.42,148.68,03-11-2019,13:28,Ewallet,6.51
749-81-8133,A,Chennai,Normal,Female,Fashion accessories,94.67,4,4.73,397.61,03-11-2019,12:04,Cash,20.83
214-30-2776,B,Mumbai,Member,Female,Electronic accessories,34.49,5,1.72,181.07,03-11-2019,19:44,Credit card,6.21
120-06-4233,C,Nagpur,Normal,Male,Electronic accessories,30.61,6,1.53,192.84,03-12-2019,20:36,Cash,5.51
152-08-9985,B,Mumbai,Member,Male,Health and beauty,64.36,9,3.22,608.2,03-12-2019,12:09,Credit card,10.3
699-01-4164,C,Nagpur,Normal,Male,Health and beauty,41.5,4,2.08,174.3,03-12-2019,19:58,Credit card,7.89
545-46-3100,B,Mumbai,Member,Female,Electronic accessories,10.59,3,0.53,33.36,03-12-2019,13:52,Credit card,1.8
253-12-6086,A,Chennai,Member,Female,Sports and travel,98.4,7,4.92,723.24,03-12-2019,12:43,Credit card,16.73
565-17-3836,A,Chennai,Member,Female,Health and beauty,47.67,4,2.38,200.21,03-12-2019,14:21,Cash,7.15
573-10-3877,B,Mumbai,Member,Male,Health and beauty,39.01,1,1.95,40.96,03-12-2019,16:46,Credit card,5.85
276-54-0879,B,Mumbai,Normal,Male,Sports and travel,97.74,4,4.89,410.51,03-12-2019,19:53,Ewallet,19.55
719-76-3868,C,Nagpur,Member,Male,Food and beverages,94.26,4,4.71,395.89,03-12-2019,16:30,Cash,17.91
651-61-0874,C,Nagpur,Normal,Male,Home and lifestyle,46.22,4,2.31,194.12,03-12-2019,20:04,Credit card,8.32
266-20-6657,C,Nagpur,Member,Male,Food and beverages,55.04,7,2.75,404.54,03-12-2019,19:39,Ewallet,12.11
427-45-9297,B,Mumbai,Member,Female,Home and lifestyle,40.73,7,2.04,299.37,03-12-2019,11:01,Ewallet,7.74
877-22-3308,A,Chennai,Member,Male,Health and beauty,15.87,10,0.79,166.64,3/13/2019,16:40,Cash,3.65
336-78-2147,C,Nagpur,Member,Male,Home and lifestyle,63.91,8,3.2,536.84,3/13/2019,19:52,Credit card,12.78
101-17-6199,A,Chennai,Normal,Male,Food and beverages,45.79,7,2.29,336.56,3/13/2019,19:44,Credit card,8.24
655-85-5130,B,Mumbai,Member,Female,Fashion accessories,38.3,4,1.92,160.86,3/13/2019,19:22,Cash,6.51
655-85-5130,B,Mumbai,Normal,Male,Health and beauty,18.11,10,0.91,190.16,3/13/2019,11:46,Ewallet,3.08
316-01-3952,A,Chennai,Normal,Female,Food and beverages,54.27,5,2.71,284.92,3/13/2019,14:16,Ewallet,9.77
686-41-0932,B,Mumbai,Normal,Female,Fashion accessories,34.7,2,1.74,72.87,3/13/2019,19:48,Ewallet,6.25
173-57-2300,C,Nagpur,Member,Male,Sports and travel,72.88,2,3.64,153.05,3/13/2019,12:51,Cash,12.39
584-66-4073,C,Nagpur,Normal,Male,Fashion accessories,56.5,1,2.83,59.33,3/13/2019,15:45,Ewallet,9.61
137-74-8729,C,Nagpur,Normal,Female,Fashion accessories,12.19,8,0.61,102.4,3/13/2019,12:47,Ewallet,2.68
808-65-0703,C,Nagpur,Normal,Male,Home and lifestyle,35.47,4,1.77,148.97,3/14/2019,17:22,Credit card,6.38
558-80-4082,C,Nagpur,Normal,Male,Electronic accessories,27.85,7,1.39,204.7,3/14/2019,17:20,Ewallet,5.57
442-48-3607,A,Chennai,Member,Male,Food and beverages,23.48,2,1.17,49.31,3/14/2019,11:21,Credit card,3.76
115-99-4379,B,Mumbai,Member,Female,Fashion accessories,54.73,7,2.74,402.27,3/14/2019,19:02,Credit card,10.4
122-61-9553,C,Nagpur,Normal,Female,Electronic accessories,51.32,9,2.57,484.97,3/14/2019,19:33,Cash,9.75
730-70-9830,C,Nagpur,Normal,Female,Home and lifestyle,70.11,6,3.51,441.69,3/14/2019,17:54,Ewallet,16.13
189-52-0236,A,Chennai,Normal,Male,Electronic accessories,99.55,7,4.98,731.69,3/14/2019,12:07,Cash,17.92
174-75-0888,B,Mumbai,Normal,Male,Electronic accessories,21.58,9,1.08,203.93,3/14/2019,12:32,Cash,4.53
379-17-6588,C,Nagpur,Normal,Male,Fashion accessories,59.61,10,2.98,625.91,3/14/2019,11:07,Cash,9.54
373-09-4567,C,Nagpur,Normal,Male,Food and beverages,77.56,10,3.88,814.38,3/14/2019,20:35,Ewallet,11.63
840-19-2096,C,Nagpur,Member,Male,Electronic accessories,87.91,5,4.4,461.53,3/14/2019,18:10,Ewallet,14.07
628-90-8624,B,Mumbai,Member,Male,Health and beauty,82.58,10,4.13,867.09,3/14/2019,14:41,Cash,15.69
169-52-4504,A,Chennai,Normal,Female,Electronic accessories,15.69,3,0.78,49.42,3/14/2019,14:13,Credit card,2.51
210-30-7976,B,Mumbai,Member,Female,Fashion accessories,22.32,4,1.12,93.74,3/14/2019,11:16,Ewallet,4.46
499-27-7781,B,Mumbai,Normal,Female,Food and beverages,53.21,8,2.66,446.96,3/14/2019,16:45,Ewallet,7.98
722-13-2115,C,Nagpur,Member,Male,Sports and travel,42.85,1,2.14,44.99,3/14/2019,15:36,Credit card,9
457-12-0244,C,Nagpur,Member,Female,Sports and travel,35.22,6,1.76,221.89,3/14/2019,13:49,Ewallet,6.34
139-32-4183,A,Chennai,Member,Female,Sports and travel,97.48,9,4.87,921.19,3/14/2019,14:19,Ewallet,21.45
273-16-6619,B,Mumbai,Normal,Male,Home and lifestyle,33.2,2,1.66,69.72,3/15/2019,12:20,Credit card,7.3
848-62-7243,A,Chennai,Normal,Male,Health and beauty,24.89,9,1.24,235.21,3/15/2019,15:36,Cash,4.23
595-11-5460,A,Chennai,Normal,Male,Health and beauty,96.58,2,4.83,202.82,3/15/2019,10:12,Credit card,19.32
542-41-0513,B,Mumbai,Member,Female,Electronic accessories,57.49,4,2.87,241.46,3/15/2019,11:57,Cash,9.2
760-54-1821,B,Mumbai,Normal,Male,Home and lifestyle,13.59,9,0.68,128.43,3/15/2019,10:26,Cash,2.31
510-09-5628,A,Chennai,Member,Female,Fashion accessories,19.66,10,0.98,206.43,3/15/2019,18:20,Credit card,4.33
585-11-6748,B,Mumbai,Member,Male,Sports and travel,96.8,3,4.84,304.92,3/15/2019,13:05,Cash,19.36
605-83-1050,B,Mumbai,Normal,Male,Fashion accessories,27.18,2,1.36,57.08,3/15/2019,16:26,Ewallet,4.62
359-94-5395,B,Mumbai,Normal,Male,Health and beauty,92.78,1,4.64,97.42,3/15/2019,10:50,Credit card,19.48
565-91-4567,B,Mumbai,Normal,Male,Health and beauty,10.75,8,0.54,90.3,3/15/2019,14:38,Ewallet,2.37
361-59-0574,B,Mumbai,Member,Male,Sports and travel,90.53,8,4.53,760.45,3/15/2019,14:48,Credit card,15.39
154-87-7367,C,Nagpur,Normal,Male,Home and lifestyle,65.26,8,3.26,548.18,3/15/2019,14:04,Ewallet,15.01
154-87-7367,C,Nagpur,Member,Male,Health and beauty,15.37,2,0.77,32.28,3/16/2019,19:47,Cash,3.54
575-30-8091,A,Chennai,Normal,Male,Sports and travel,72.5,8,3.63,609,3/16/2019,19:25,Ewallet,13.78
286-43-6208,C,Nagpur,Normal,Female,Food and beverages,87.8,9,4.39,829.71,3/16/2019,19:08,Cash,14.05
290-68-2984,A,Chennai,Normal,Male,Home and lifestyle,23.75,4,1.19,99.75,3/16/2019,11:22,Cash,4.75
578-80-7669,B,Mumbai,Normal,Male,Sports and travel,74.97,1,3.75,78.72,3/16/2019,16:58,Cash,12
727-17-0390,A,Chennai,Normal,Female,Food and beverages,63.61,5,3.18,333.95,3/16/2019,12:43,Ewallet,9.54
701-69-8742,B,Mumbai,Normal,Male,Sports and travel,34.37,10,1.72,360.89,3/16/2019,10:11,Ewallet,6.87
210-74-9613,C,Nagpur,Normal,Male,Fashion accessories,97.26,4,4.86,408.49,3/16/2019,15:33,Ewallet,17.51
711-31-1234,B,Mumbai,Normal,Female,Electronic accessories,95.64,4,4.78,401.69,3/16/2019,18:51,Cash,15.3
662-47-5456,C,Nagpur,Member,Male,Fashion accessories,35.19,10,1.76,369.5,3/17/2019,19:06,Credit card,6.33
320-32-8842,C,Nagpur,Member,Female,Food and beverages,22.62,1,1.13,23.75,3/17/2019,18:58,Cash,4.98
642-30-6693,B,Mumbai,Normal,Female,Sports and travel,54.51,6,2.73,343.41,3/17/2019,13:54,Ewallet,11.99
220-68-6701,A,Chennai,Normal,Female,Home and lifestyle,77.47,4,3.87,325.37,3/17/2019,16:36,Cash,14.72
152-03-4217,B,Mumbai,Normal,Female,Home and lifestyle,11.28,9,0.56,106.6,3/17/2019,11:55,Credit card,2.14
880-46-5796,A,Chennai,Member,Male,Sports and travel,76.92,10,3.85,807.66,3/17/2019,19:53,Ewallet,12.31
263-87-5680,C,Nagpur,Member,Female,Home and lifestyle,28.53,10,1.43,299.57,3/18/2019,17:38,Ewallet,5.99
439-54-7422,A,Chennai,Normal,Female,Electronic accessories,51.19,4,2.56,215,3/18/2019,17:15,Credit card,11.77
485-30-8700,A,Chennai,Normal,Female,Sports and travel,33.26,5,1.66,174.62,3/18/2019,16:10,Credit card,7.65
413-20-6708,C,Nagpur,Member,Female,Fashion accessories,51.47,1,2.57,54.04,3/18/2019,15:52,Ewallet,9.26
420-04-7590,B,Mumbai,Normal,Male,Home and lifestyle,99.7,3,4.99,314.06,3/18/2019,11:29,Ewallet,18.94
776-68-1096,B,Mumbai,Normal,Male,Home and lifestyle,44.12,3,2.21,138.98,3/18/2019,13:45,Credit card,6.62
256-58-3609,C,Nagpur,Member,Male,Fashion accessories,91.98,1,4.6,96.58,3/18/2019,15:29,Cash,16.56
574-22-5561,C,Nagpur,Member,Female,Fashion accessories,82.63,10,4.13,867.62,3/19/2019,17:08,Ewallet,12.39
716-39-1409,B,Mumbai,Normal,Male,Health and beauty,30.35,7,1.52,223.07,3/19/2019,18:19,Cash,4.86
568-90-5112,C,Nagpur,Normal,Male,Health and beauty,66.14,4,3.31,277.79,3/19/2019,12:46,Credit card,13.23
831-07-6050,A,Chennai,Normal,Male,Electronic accessories,32.71,5,1.64,171.73,3/19/2019,11:30,Credit card,7.52
850-41-9669,A,Chennai,Normal,Female,Electronic accessories,75.06,9,3.75,709.32,3/19/2019,13:25,Ewallet,16.51
898-04-2717,A,Chennai,Normal,Male,Fashion accessories,76.4,9,3.82,721.98,3/19/2019,15:49,Ewallet,14.52
462-78-5240,C,Nagpur,Normal,Female,Electronic accessories,26.61,2,1.33,55.88,3/19/2019,14:35,Cash,6.12
301-81-8610,B,Mumbai,Member,Male,Fashion accessories,25.42,8,1.27,213.53,3/19/2019,19:42,Credit card,5.34
751-69-0068,C,Nagpur,Normal,Male,Sports and travel,99.24,9,4.96,937.82,3/19/2019,19:09,Ewallet,21.83
701-23-5550,B,Mumbai,Member,Male,Home and lifestyle,38.81,4,1.94,163,3/19/2019,13:40,Ewallet,8.15
318-81-2368,C,Nagpur,Normal,Female,Electronic accessories,46.2,1,2.31,48.51,3/19/2019,12:16,Cash,7.85
155-45-3814,C,Nagpur,Member,Female,Electronic accessories,88.55,8,4.43,743.82,3/19/2019,15:29,Ewallet,15.94
728-88-7867,C,Nagpur,Member,Female,Home and lifestyle,75.53,4,3.78,317.23,3/19/2019,15:52,Ewallet,13.6
737-88-5876,A,Chennai,Member,Male,Home and lifestyle,23.29,4,1.16,97.82,3/19/2019,11:52,Credit card,4.89
548-48-3156,A,Chennai,Member,Female,Food and beverages,83.34,2,4.17,175.01,3/19/2019,13:37,Cash,15
593-08-5916,A,Chennai,Normal,Female,Fashion accessories,15.5,1,0.78,16.28,3/19/2019,15:23,Credit card,2.64
142-63-6033,B,Mumbai,Normal,Male,Home and lifestyle,92.36,5,4.62,484.89,3/20/2019,19:17,Ewallet,16.62
213-72-6612,A,Chennai,Normal,Male,Food and beverages,43.25,2,2.16,90.83,3/20/2019,15:56,Cash,8.22
537-72-0426,C,Nagpur,Member,Male,Fashion accessories,70.99,10,3.55,745.4,3/20/2019,16:28,Cash,13.49
828-61-5674,A,Chennai,Member,Male,Sports and travel,44.02,10,2.2,462.21,3/20/2019,19:57,Credit card,7.48
650-98-6268,B,Mumbai,Member,Female,Food and beverages,20.87,3,1.04,65.74,3/20/2019,13:53,Credit card,4.17
632-32-4574,B,Mumbai,Normal,Male,Sports and travel,75.92,8,3.8,637.73,3/20/2019,14:14,Cash,11.39
451-28-5717,C,Nagpur,Member,Female,Home and lifestyle,83.17,6,4.16,523.97,3/20/2019,11:23,Cash,19.13
760-90-2357,A,Chennai,Member,Male,Electronic accessories,74.51,6,3.73,469.41,3/20/2019,15:08,Ewallet,15.65
514-37-2845,B,Mumbai,Normal,Male,Fashion accessories,99.25,2,4.96,208.43,3/20/2019,13:02,Cash,17.87
509-29-3912,A,Chennai,Member,Female,Sports and travel,38.72,9,1.94,365.9,3/20/2019,12:24,Ewallet,7.74
436-54-4512,A,Chennai,Member,Female,Food and beverages,91.61,1,4.58,96.19,3/20/2019,19:44,Cash,18.32
182-88-2763,B,Mumbai,Member,Male,Food and beverages,79.91,3,4,251.72,3/20/2019,19:28,Credit card,15.98
574-31-8277,B,Mumbai,Member,Male,Fashion accessories,33.63,1,1.68,35.31,3/20/2019,19:55,Cash,7.4
436-54-4512,A,Chennai,Normal,Male,Home and lifestyle,93.96,9,4.7,887.92,3/20/2019,11:32,Cash,15.03
102-06-2002,C,Nagpur,Member,Male,Sports and travel,25.25,5,1.26,132.56,3/20/2019,17:52,Cash,4.04
827-26-2100,A,Chennai,Member,Male,Home and lifestyle,33.84,9,1.69,319.79,3/21/2019,16:21,Ewallet,6.09
512-98-1403,A,Chennai,Member,Female,Electronic accessories,26.48,3,1.32,83.41,3/21/2019,10:40,Ewallet,5.83
527-09-6272,A,Chennai,Member,Female,Electronic accessories,28.45,5,1.42,149.36,3/21/2019,10:17,Credit card,4.55
438-01-4015,B,Mumbai,Member,Female,Sports and travel,49.49,4,2.47,207.86,3/21/2019,15:25,Ewallet,7.92
448-61-3783,A,Chennai,Normal,Female,Electronic accessories,90.02,8,4.5,756.17,3/21/2019,16:08,Credit card,16.2
500-02-2261,C,Nagpur,Normal,Female,Food and beverages,57.29,6,2.86,360.93,3/21/2019,17:04,Ewallet,9.74
227-03-5010,A,Chennai,Member,Female,Home and lifestyle,52.59,8,2.63,441.76,3/22/2019,19:20,Credit card,8.94
616-24-2851,B,Mumbai,Member,Female,Fashion accessories,17.87,4,0.89,75.05,3/22/2019,14:42,Ewallet,3.04
630-74-5166,A,Chennai,Normal,Male,Sports and travel,62.13,6,3.11,391.42,3/22/2019,20:19,Cash,12.43
802-43-8934,A,Chennai,Normal,Male,Home and lifestyle,18.28,1,0.91,19.19,3/22/2019,15:05,Credit card,2.92
472-15-9636,A,Chennai,Normal,Male,Home and lifestyle,50.93,8,2.55,427.81,3/22/2019,19:36,Ewallet,9.68
394-30-3170,B,Mumbai,Member,Female,Sports and travel,88.43,8,4.42,742.81,3/22/2019,19:35,Credit card,17.69
554-53-3790,B,Mumbai,Normal,Male,Sports and travel,37.02,6,1.85,233.23,3/22/2019,18:33,Cash,6.66
550-84-8664,A,Chennai,Normal,Male,Sports and travel,85.91,5,4.3,451.03,3/22/2019,14:33,Credit card,17.18
674-56-6360,A,Chennai,Normal,Male,Electronic accessories,95.15,1,4.76,99.91,3/22/2019,14:00,Cash,18.08
886-18-2897,A,Chennai,Normal,Female,Food and beverages,56.56,5,2.83,296.94,3/22/2019,19:06,Credit card,11.88
333-73-7901,C,Nagpur,Normal,Female,Health and beauty,54.92,8,2.75,461.33,3/23/2019,13:24,Ewallet,12.63
865-92-6136,A,Chennai,Normal,Male,Food and beverages,52.75,3,2.64,166.16,3/23/2019,10:16,Ewallet,10.55
608-96-3517,B,Mumbai,Member,Female,Fashion accessories,91.54,4,4.58,384.47,3/23/2019,19:20,Credit card,16.48
407-63-8975,A,Chennai,Normal,Male,Food and beverages,73.88,6,3.69,465.44,3/23/2019,19:16,Ewallet,11.08
851-28-6367,A,Chennai,Member,Male,Sports and travel,15.5,10,0.78,162.75,3/23/2019,10:55,Ewallet,3.41
856-22-8149,A,Chennai,Normal,Female,Home and lifestyle,25.29,1,1.26,26.55,3/23/2019,10:13,Ewallet,4.55
795-49-7276,A,Chennai,Normal,Male,Fashion accessories,37.15,4,1.86,156.03,3/23/2019,18:59,Ewallet,6.32
386-27-7606,C,Nagpur,Member,Female,Home and lifestyle,81.2,7,4.06,596.82,3/23/2019,15:59,Credit card,15.43
733-29-1227,C,Nagpur,Normal,Male,Home and lifestyle,55.61,7,2.78,408.73,3/23/2019,12:41,Cash,9.45
474-33-8305,C,Nagpur,Member,Male,Fashion accessories,67.39,7,3.37,495.32,3/23/2019,13:23,Ewallet,13.48
884-80-6021,A,Chennai,Member,Female,Electronic accessories,73.47,10,3.67,771.44,3/23/2019,13:14,Ewallet,14.69
588-01-7461,C,Nagpur,Normal,Female,Food and beverages,33.98,9,1.7,321.11,3/24/2019,10:43,Cash,7.82
560-30-5617,B,Mumbai,Normal,Female,Sports and travel,24.77,5,1.24,130.04,3/24/2019,18:27,Cash,5.2
593-95-4461,C,Nagpur,Member,Male,Home and lifestyle,74.86,1,3.74,78.6,3/24/2019,14:49,Cash,13.47
835-16-0096,C,Nagpur,Member,Male,Sports and travel,14.7,5,0.74,77.18,3/24/2019,13:48,Ewallet,3.23
468-88-0009,A,Chennai,Member,Male,Home and lifestyle,65.94,4,3.3,276.95,3/24/2019,10:29,Cash,15.17
334-64-2006,A,Chennai,Member,Female,Home and lifestyle,70.32,2,3.52,147.67,3/24/2019,14:22,Ewallet,10.55
725-67-2480,B,Mumbai,Member,Female,Fashion accessories,58.75,6,2.94,370.13,3/24/2019,18:14,Credit card,9.99
538-22-0304,C,Nagpur,Normal,Male,Electronic accessories,64.95,10,3.25,681.98,3/24/2019,18:27,Cash,12.99
118-62-1812,C,Nagpur,Member,Female,Home and lifestyle,78.38,4,3.92,329.2,3/24/2019,17:56,Cash,12.54
851-98-3555,B,Mumbai,Normal,Female,Health and beauty,82.88,5,4.14,435.12,3/24/2019,14:08,Credit card,17.4
641-62-7288,B,Mumbai,Normal,Male,Home and lifestyle,99.92,6,5,629.5,3/24/2019,13:33,Ewallet,18.98
699-14-3026,C,Nagpur,Normal,Male,Electronic accessories,85.39,7,4.27,627.62,3/25/2019,18:30,Ewallet,17.93
362-58-8315,C,Nagpur,Normal,Male,Fashion accessories,76.52,5,3.83,401.73,3/25/2019,10:23,Cash,15.3
340-66-0321,A,Chennai,Member,Male,Electronic accessories,36.36,4,1.82,152.71,3/25/2019,13:07,Cash,5.45
110-05-6330,C,Nagpur,Normal,Female,Food and beverages,39.43,6,1.97,248.41,3/25/2019,20:18,Credit card,8.28
282-35-2475,B,Mumbai,Normal,Female,Sports and travel,93.31,2,4.67,195.95,3/25/2019,17:53,Cash,19.6
134-75-2619,A,Chennai,Member,Male,Electronic accessories,19.32,7,0.97,142,3/25/2019,18:51,Cash,4.06
156-95-3964,A,Chennai,Normal,Female,Food and beverages,55.39,4,2.77,232.64,3/25/2019,15:19,Ewallet,9.42
366-43-6862,B,Mumbai,Normal,Male,Electronic accessories,52.89,4,2.64,222.14,3/25/2019,16:32,Ewallet,9.52
605-03-2706,A,Chennai,Normal,Female,Health and beauty,15.8,3,0.79,49.77,3/25/2019,18:02,Cash,3.63
163-56-7055,C,Nagpur,Member,Male,Fashion accessories,48.71,1,2.44,51.15,3/26/2019,19:20,Cash,7.79
163-56-7055,C,Nagpur,Member,Male,Health and beauty,43.7,2,2.19,91.77,3/26/2019,18:03,Cash,6.99
411-77-0180,A,Chennai,Member,Male,Electronic accessories,72.2,7,3.61,530.67,3/26/2019,20:14,Ewallet,13
449-27-2918,B,Mumbai,Member,Female,Sports and travel,39.12,1,1.96,41.08,3/26/2019,11:02,Credit card,5.87
734-91-1155,B,Mumbai,Normal,Female,Electronic accessories,45.71,3,2.29,143.99,3/26/2019,10:34,Credit card,7.31
236-27-1144,C,Nagpur,Normal,Female,Food and beverages,16.31,9,0.82,154.13,3/26/2019,10:31,Ewallet,3.26
797-88-0493,A,Chennai,Normal,Female,Health and beauty,64.27,4,3.21,269.93,3/26/2019,13:54,Cash,14.78
487-79-6868,B,Mumbai,Member,Female,Home and lifestyle,12.29,9,0.61,116.14,3/26/2019,19:28,Credit card,2.83
587-73-4862,A,Chennai,Member,Female,Health and beauty,10.69,5,0.53,56.12,3/26/2019,11:07,Ewallet,1.82
760-53-9233,A,Chennai,Member,Male,Fashion accessories,41.28,3,2.06,130.03,3/26/2019,18:37,Credit card,7.02
807-34-3742,A,Chennai,Normal,Male,Fashion accessories,52.38,1,2.62,55,3/26/2019,19:44,Cash,10.48
595-94-9924,A,Chennai,Member,Female,Health and beauty,27.73,5,1.39,145.58,3/26/2019,20:21,Credit card,6.1
859-97-6048,C,Nagpur,Member,Male,Electronic accessories,84.25,2,4.21,176.93,3/26/2019,14:13,Credit card,12.64
106-35-6779,A,Chennai,Member,Male,Home and lifestyle,44.34,2,2.22,93.11,3/27/2019,11:26,Cash,9.75
633-44-8566,A,Chennai,Member,Male,Food and beverages,49.38,7,2.47,362.94,3/27/2019,20:35,Credit card,7.9
238-49-0436,A,Chennai,Normal,Male,Health and beauty,32.46,8,1.62,272.66,3/27/2019,13:48,Credit card,7.47
423-57-2993,B,Mumbai,Normal,Male,Sports and travel,93.39,6,4.67,588.36,3/27/2019,19:18,Ewallet,16.81
278-86-2735,A,Chennai,Normal,Female,Food and beverages,52.34,3,2.62,164.87,3/27/2019,14:03,Cash,9.42
794-32-2436,B,Mumbai,Member,Male,Electronic accessories,55.67,2,2.78,116.91,3/27/2019,15:08,Ewallet,12.25
794-32-2436,B,Mumbai,Normal,Male,Food and beverages,32.32,3,1.62,101.81,3/27/2019,19:11,Credit card,5.82
186-71-5196,A,Chennai,Member,Female,Food and beverages,79.54,2,3.98,167.03,3/27/2019,16:30,Ewallet,16.7
313-66-9943,B,Mumbai,Member,Female,Food and beverages,29.15,3,1.46,91.82,3/27/2019,20:29,Credit card,4.96
702-83-5291,C,Nagpur,Member,Male,Fashion accessories,99.82,9,4.99,943.3,3/27/2019,10:43,Cash,14.97
212-62-1842,A,Chennai,Normal,Male,Food and beverages,58.26,6,2.91,367.04,3/28/2019,16:44,Cash,13.4
573-58-9734,B,Mumbai,Normal,Female,Fashion accessories,30.37,3,1.52,95.67,3/28/2019,13:41,Ewallet,5.47
633-09-3463,C,Nagpur,Normal,Female,Electronic accessories,47.65,3,2.38,150.1,3/28/2019,12:58,Credit card,9.05
531-80-1784,A,Chennai,Normal,Male,Electronic accessories,26.02,7,1.3,191.25,3/28/2019,17:38,Cash,4.42
266-76-6436,C,Nagpur,Member,Female,Food and beverages,38.6,3,1.93,121.59,3/28/2019,13:57,Ewallet,6.95
470-32-9057,A,Chennai,Member,Male,Food and beverages,51.34,5,2.57,269.54,3/28/2019,15:31,Credit card,10.78
544-32-5024,C,Nagpur,Member,Female,Food and beverages,49.79,4,2.49,209.12,3/28/2019,19:16,Credit card,9.46
420-97-3340,A,Chennai,Normal,Female,Food and beverages,71.68,3,3.58,225.79,3/28/2019,15:30,Credit card,12.19
420-97-3340,A,Chennai,Member,Female,Fashion accessories,71.46,7,3.57,525.23,3/28/2019,16:06,Ewallet,15.72
333-23-2632,A,Chennai,Member,Male,Health and beauty,10.08,7,0.5,74.09,3/28/2019,20:14,Cash,2.02
829-34-3910,A,Chennai,Normal,Female,Health and beauty,71.38,10,3.57,749.49,3/29/2019,19:21,Cash,12.13
766-85-7061,B,Mumbai,Normal,Male,Health and beauty,87.87,10,4.39,922.64,3/29/2019,10:25,Ewallet,15.82
727-75-6477,C,Nagpur,Normal,Male,Electronic accessories,28.84,4,1.44,121.13,3/29/2019,14:44,Cash,6.63
291-21-5991,B,Mumbai,Member,Male,Health and beauty,61.29,5,3.06,321.77,3/29/2019,14:28,Cash,12.87
425-85-2085,B,Mumbai,Member,Male,Health and beauty,54.86,5,2.74,288.02,3/29/2019,16:48,Ewallet,11.52
218-59-9410,A,Chennai,Member,Female,Home and lifestyle,72.42,3,3.62,228.12,3/29/2019,16:54,Ewallet,15.93
186-79-9562,B,Mumbai,Normal,Male,Health and beauty,71.77,7,3.59,527.51,3/29/2019,14:06,Cash,11.48
267-62-7380,C,Nagpur,Member,Male,Electronic accessories,82.34,10,4.12,864.57,3/29/2019,19:12,Ewallet,18.94
743-04-1105,B,Mumbai,Member,Male,Health and beauty,97.22,9,4.86,918.73,3/30/2019,14:43,Ewallet,16.53
286-01-5402,A,Chennai,Normal,Female,Sports and travel,40.23,7,2.01,295.69,3/30/2019,13:22,Cash,8.45
731-59-7531,B,Mumbai,Member,Male,Health and beauty,72.57,8,3.63,609.59,3/30/2019,17:58,Cash,16.69
676-39-6028,A,Chennai,Member,Female,Electronic accessories,64.44,5,3.22,338.31,3/30/2019,17:04,Cash,10.95
131-15-8856,C,Nagpur,Member,Female,Food and beverages,72.52,8,3.63,609.17,3/30/2019,19:26,Credit card,15.95
778-89-7974,C,Nagpur,Normal,Male,Health and beauty,70.21,6,3.51,442.32,3/30/2019,14:58,Cash,14.04
642-61-4706,B,Mumbai,Member,Male,Food and beverages,93.4,2,4.67,196.14,3/30/2019,16:34,Cash,14.94
115-38-7388,C,Nagpur,Member,Female,Fashion accessories,10.18,8,0.51,85.51,3/30/2019,12:51,Credit card,1.63
291-55-6563,A,Chennai,Member,Female,Home and lifestyle,34.42,6,1.72,216.85,3/30/2019,12:45,Ewallet,5.85
361-85-2571,A,Chennai,Normal,Female,Sports and travel,89.48,5,4.47,469.77,3/30/2019,10:18,Cash,16.11
364-34-2972,C,Nagpur,Member,Male,Electronic accessories,96.82,3,4.84,304.98,3/30/2019,20:37,Cash,21.3
